4182 6436
255 330 308 399 tte
401 412 412 431 ,
885 325 1025 401 naonis
1041 304 1278 402 νιιιιοσονιιι
1850 335 1906 403 ιιι

252 452 375 511 mando
386 451 542 526 patefacere
552 450 682 518 debebat,
702 459 810 510 tundet
825 451 912 511 eremi
927 451 1057 508 alumnus
1069 450 1173 523 Δτικη
1189 449 1237 505 καί
1250 448 1314 521 θιίρ
1324 446 1497 521 διδασκαλίᾳ,
1510 447 1680 522 καλδιιιηχιί
1690 460 1742 521 μιν
1755 448 1807 521 σῆς
1822 466 1909 522 μετα·

267 545 501 618 acceptoecoelia
517 543 995 617 pradicationieineboandnsignm
1015 544 1059 601 in·
1109 534 1549 615 νοίαςιθνφθθγγον,σίαδηιοῦ
1562 542 1700 614 σωτηρίου
1713 541 1795 612 λόγου
1817 541 1907 614 φωνὴ,

269 637 340 711 cipit
354 636 416 694 uias
429 634 623 706 asperas¹¹·”,
634 634 743 692 animas
755 634 885 692 videlicet
897 634 1060 692 inflexibiles
1109 635 1157 690 καί
1176 632 1242 698 robe
1258 630 1590 706 commaneamus<
1610 633 1741 707 καθαίριι
1760 633 1834 708 λόγῳ
1857 635 1908 690 καί

167 772 168 775 ,
268 734 297 785 et
319 726 416 790 duras.
439 724 535 782 diuina
556 724 684 783 doctrina
704 725 829 797 planare,
859 734 888 782 et
911 725 1061 796 aequabiles
1110 726 1199 784 θδατι.
1219 726 1465 798 Ἀναρανιίσθαιδ*
1485 726 1549 784 δσον
1564 726 1643 783 οθσω
1668 728 1908 802 ιιροκαιαγγίλλιι

267 815 396 875 reddere.
408 814 443 872 bt
454 816 647 888 poeuitentiarn
666 817 777 889 quidem
790 815 1061 890 annuntiatquippe
1109 819 1158 875 σθν
1169 819 1284 899 burgban
1300 820 1351 892 μίν
1364 823 1399 892 σῇ
1411 820 1446 875 δι’
1459 821 1535 892 ἡμᾶς
1548 820 1578 875 lu
1591 820 1682 893 χρθνιρ
1694 820 1832 893 γεννῆσαι,
1849 820 1910 893 pel·

266 907 402 965 salutaris
426 907 508 964 Verbi
522 922 587 974 not,
604 920 709 979 eosque
724 908 773 979 qtri
783 907 982 966 emundatione
994 921 1060 982 ege·
1111 911 1177 980 ζονα
1190 911 1221 968 bi
1231 911 1271 985 τῷ
1283 902 1286 907 ’
1296 911 1508 985 διαιραδννδμιρ
1528 913 1637 986 κρατιι,
1652 911 1684 967 δν
1698 912 1747 967 καί
1763 911 1907 986 tamtam

266 999 347 1065 bant,
357 998 474 1056 mundat
486 1000 572 1057 terlio
585 991 614 1056 et
628 1013 711 1071 aqua,
720 1008 750 1057 et
764 1015 827 1056 cum
840 999 900 1073 qui,
909 999 933 1057 si
952 1007 1062 1072 tempus
1112 1002 1284 1078 μαρτύρεται
1294 1003 1407 1071 καλκίοις
1421 1004 1451 1059 δν
1464 1001 1617 1076 ίίνιιίματι.
1637 1003 1694 1058 ffel
1706 1002 1773 1074 γοῦν
1786 1003 1908 1073 φανέντα

268 1097 392 1162 spectes,
409 1091 552 1162 peslerius
564 1098 691 1158 venerat,
708 1090 797 1162 maior
817 1097 909 1148 autem
926 1089 1062 1147 erutinfl·
1111 1097 1159 1151 αθν
1179 1096 1280 1168 Ἀμνθν
1303 1096 1492 1152 ὑισοδιικνθιι·
1519 1088 1551 1152 αθ
1576 1094 1685 1168 ῥανίδας
1709 1096 1836 1167 αίμασος,
1856 1093 1908 1149 σοῦ

271 1185 359 1239 nitate
372 1183 513 1262 potentia,
537 1184 626 1256 magis
646 1197 729 1256 guam
745 1197 865 1254 unquam
879 1190 959 1239 antea
975 1195 1063 1254 appa·

270 1277 363 1332 ruisse
375 1275 488 1341 clantut,
512 1290 593 1347 quent
604 1283 633 1331 et
644 1273 767 1344 perfecte
779 1274 808 1330 in
823 1274 924 1344 spiritu
938 1274 1064 1345 baptiza·

271 1371 364 1421 turum
381 1372 507 1430 testatur,
523 1366 633 1436 Agnurn
646 1363 680 1431 ¹⁴,
696 1363 750 1443 uul-
770 1371 949 1435 apparuerat,
964 1371 1062 1421 osten·

270 1454 325 1524 dit,
341 1456 423 1528 cujus
434 1456 578 1529 sanguinis
592 1465 688 1529 gutta,
709 1471 726 1514 a
739 1456 846 1529 peccati
858 1455 991 1514 sordibus
1012 1470 1059 1512 ot·-

270 1546 333 1603 bem
347 1554 485 1602 terrarum
499 1554 698 1619 expurgamnt,
720 1562 803 1618 quem
816 1555 844 1603 et
859 1547 888 1603 in
910 1555 989 1605 utero
1010 1546 1062 1603 ad·

1111 1187 1212 1260 λύθρου
1228 1189 1280 1262 τῆς
1305 1188 1446 1261 ἁμαρτίας
1459 1189 1510 1262 τὴν
1525 1187 1689 1260 οἰκουμένην
1700 1186 1859 1259 ἐκάθηραν·
1875 1186 1909 1241 θν

1113 1278 1161 1332 καί
1173 1277 1240 1351 trapi
1253 1277 1290 1333 σθ
1301 1277 1428 1332 σκοτεινὰ
1442 1275 1494 1349 τῆς
1508 1274 1628 1349 γασσρθς
1646 1274 1688 1330 ίτι
1704 1274 1793 1348 χωρία
1805 1274 1910 1344 γνωρί-

1112 1373 1155 1442 ζιι
1167 1368 1335 1443 ιίλσθμανος,
1346 1370 1396 1426 καί
1408 1371 1468 1435 noi<
1482 1367 1615 1442 lopddnou
1626 1366 1747 1440 ριίθροις
1758 1363 1910 1438 ααραιιλη·
1944 1386 1949 1393 ·

1113 1463 1180 1530 σίως
1194 1463 1240 1519 abu
1255 1462 1397 1534 alcandrae
1407 1458 1483 1515 λοθαι
1498 1461 1555 1526 σοίς
1564 1458 1683 1525 δούλοις,
1694 1458 1743 1515 καλ
1755 1457 1812 1530 ,τὴν
1832 1473 1908 1530 μαρ-

1112 1555 1210 1628 τυρίαν
1237 1552 1285 1611 ἐπί
1307 1552 1349 1625 σῷ
1374 1552 1456 1609 Παιδί
1473 1550 1654 1625 ρωνονμίνην
1675 1549 1725 1606 σοῦ
1739 1548 1909 1622 Γιννητσρος

271 1639 325 1694 bue
345 1638 469 1703 abditus,
485 1639 622 1709 agnoscit,
636 1634 808 1696 etlordauis
825 1652 899 1710 agua
913 1637 1061 1715 liunttuum
1091 1628 1093 1633 ⁴
1112 1648 1263 1721 ίηχαςαι,

271 1730 399 1787 similiter
424 1744 457 1785 ac
471 1744 568 1789 servos
582 1729 683 1802 abluit,
695 1728 944 1802 testimoniumque
953 1726 1026 1786 Filio
1043 1743 1060 1786 a
1073 1717 1097 1779 Β

270 1819 354 1877 l'atre
367 1819 462 1876 dutum
475 1818 600 1877 exaudit.
1285 1870 1288 1877 .
1811 1893 1815 1899 .

308 1908 464 1981 Oportebat
479 1924 557 1979 uero,
572 1916 602 1966 ut
635 1923 690 1967 uon
707 1917 816 1966 tantum
840 1918 965 1967 mortuos
980 1909 1063 1977 iuter,
1153 1909 1377 1983 ’ίθδιιδίθραοθ
1392 1910 1515 1982 μδνονίν
1529 1908 1598 1975 ζῶσι
1609 1908 1767 1982 Πρίδρομος
1778 1907 1909 1980 δοθῆναι,

272 2004 322 2062 sod
337 2014 365 2061 et
387 2005 460 2061 luter
476 2018 538 2071 eos,
548 2018 621 2075 quos
642 2003 725 2060 inferi
743 2003 884 2071 tenebant,
910 2016 1065 2076 precursor
1114 2004 1184 2063 ἀλλὰ
1195 2005 1247 2060 καί
1257 2006 1315 2069 mle
1328 2003 1359 2058 in
1372 2002 1439 2077 ζιδοο
1455 2002 1581 2075 φθίνειν,
1600 2002 1649 2057 καί
1661 2002 1756 2072 pipant
1768 2000 1910 2065 κακιίνοις

223 2090 226 2099 ’
273 2100 361 2161 esset,
391 2091 534 2165 ferretque
560 2091 661 2150 iisdem
683 2093 856 2151 laetissimum
876 2091 911 2149 de
937 2091 1065 2150 libertate
1114 2095 1377 2172 ιῆςίλινθιρίσςσθ
1392 2093 1556 2166 abamita,
1575 2090 1809 2166 σηνΔισκοιικην
1824 2089 1910 2162 abag-

242 2219 246 2227 ·
273 2186 415 2253 nuntium,
425 2184 460 2243 de
470 2185 580 2243 llumiui
591 2185 720 2243 videlicet
732 2184 850 2244 adventu
864 2192 893 2243 et
905 2187 1065 2258 praesentia.
1113 2189 1291 2262 γελιζθμινον
1301 2186 1467 2258 παρουσίαν.
1485 2184 1639 2258 Τοιγαροῦν
1657 2185 1691 2257 τη
1716 2184 1841 2258 γιονργίρ
1857 2180 1909 2238 τοῦ

258 2277 408 2348 ,cumina
422 2279 532 2335 cultura
541 2279 676 2337 mamonis
686 2286 796 2353 pectora
806 2279 877 2335 dura
890 2280 1020 2336 excolens
1030 2277 1065 2336 ad
1115 2280 1196 2352 λόγου
1210 2277 1262 2344 σας
1279 2274 1493 2349 κιχερσωμίνας
1502 2273 1636 2348 γιωργιῖιν
1653 2272 1781 2347 καρδίας.
1796 2272 1910 2345 tegam

272 2387 337 2430 euru
358 2387 480 2445 quoque,
498 2372 548 2445 qui
572 2385 606 2430 ee
623 2380 746 2443 tempore
760 2372 833 2445 apud
848 2370 958 2431 ludam
972 2386 1065 2431 rerum
1115 2370 1164 2429 καί
1184 2368 1284 2442 μέχρις
1300 2365 1386 2422 αὑτοῦ
1410 2365 1459 2422 τοῦ
1482 2366 1543 2422 κατ’
1558 2367 1648 2422 inico
1659 2364 1790 2439 λαχόντος
1808 2361 1910 2437 καιροῦ

273 2462 441 2534 potiebatur,
460 2460 600 2536 persenit,
617 2461 721 2520 sterilis
748 2469 777 2519 et
790 2459 957 2520 infructuosi
980 2462 1064 2519 animi
1114 2461 1164 2519 ruti
1179 2459 1317 2541 bodalus
1342 2458 1438 2524 ίθνοος
1460 2456 1585 2530 κρασιίν,
1609 2455 1660 2527 σὴν
1682 2454 1835 2528 θιραιοιίαν
1855 2454 1910 2527 σῇς

272 2553 445 2617 medicinam
461 2553 615 2626 explicans,
631 2555 675 2612 rel
693 2555 787 2627 potius
805 2553 935 2611 exitiales
957 2552 1065 2626 peccati
1115 2552 1244 2627 ἀκάρπου
1253 2549 1368 2623 καρδίας
1379 2547 1587 2621 ιίσηγοθμινος,
1599 2546 1908 2620 μδλίονδλσθνρθορο-

224 2714 226 2717 ¹
273 2642 385 2724 fruetus
409 2646 549 2704 libertatis
577 2646 606 2704 lu
637 2645 867 2719 reprehendendo
885 2646 966 2719 quasi
995 2644 1066 2704 faloe
1117 2646 1195 2702 σιοιθν
1214 2628 1356 2715 turinnes
1370 2639 1703 2714 σῆςθμαρτίαςκαριιθν,
1725 2637 1778 2712 ’τῆς
1796 2640 1911 2711 nappa-

274 2746 436 2811 amputaus.
455 2736 525 2795 Nam
535 2739 583 2810 qui
600 2731 723 2794 omnium
738 2736 860 2795 maaiute
875 2738 950 2812 leges
967 2745 1065 2794 'custo-
1117 2739 1178 2804 σίας
1196 2735 1251 2792 τῶν
1264 2734 1386 2808 ίλίγχων
1399 2734 1482 2806 νομῇ.
1502 2731 1532 2789 ’θ
1545 2733 1601 2805 γαρ
1614 2728 1777 2815 σοιπανσων
1790 2728 1931 2804 μαλιστα.

273 2828 335 2888 dire
347 2827 485 2892 debebat,
500 2828 648 2901 legumque
668 2829 868 2886 obseruatione
886 2827 1017 2885 subditos
1032 2827 1067 2884 ad
1115 2827 1316 2901 νομοφυλακιίν
1326 2825 1454 2896 δοιίλων,
1466 2827 1559 2900 καίσῇ
1580 2824 1643 2881 καθ’
1657 2823 1756 2880 ίαοσθν
1770 2823 1912 2897 συντηρή-

276 2920 322 2978 sui
347 2919 555 2977 observantiam
575 2919 713 2977 allusero
738 2919 843 2993 (solent
865 2920 940 2977 enim
964 2918 1067 2977 subditi
1118 2919 1221 2976 σιιιοῦ
1236 2919 1321 2993 νόμον
1337 2921 1379 2985 ale
1394 2918 1478 2991 τιμην
1503 2915 1588 2974 αὐτοῦ
1604 2916 1637 2972 σθ
1650 2915 1807 2990 αρχθμινον
1828 2931 1912 2988 προσ

221 3037 244 3049 ··
273 3025 339 3069 eum
369 3027 477 3080 eorum,
497 3011 545 3082 qui
558 3022 692 3084 praesunt,
707 3011 858 3069 uirtutibus
881 3010 924 3068 tal
943 3010 1020 3068 titiis
1034 3025 1066 3068 se
1117 3009 1445 3084 καλιίσθαιίσίφοκεγθρ
1457 3007 1784 3081 ιοωςτθθρχθμενονσαίς
1797 3007 1913 3081 δριταίς

274 3103 881 3178 plerumquecoulormarel,istepraeterlua
894 3112 922 3160 et
937 3102 1066 3161 fasadul-
1115 3099 1267 3172 ηῑκακίαις
1293 3099 1333 3165 ιίις
1363 3100 1479 3154 latratu
1495 3098 1562 3182 *nov
1590 3093 1766 3178 κρασοθνηων
1799 3097 1911 3154 σινδια·

274 3200 339 3258 terll
356 3198 461 3274 flagitio
482 3214 513 3256 se
536 3199 740 3265 contaminans,
767 3198 855 3271 legem
880 3197 985 3255 violare
1009 3210 1065 3256 non
1114 3191 1262 3262 τίθεσθαί).
1284 3183 1365 3258 οὗτος
1383 3192 1416 3265 δὴ
1432 3191 1611 3265 παρανομῶν,
1636 3191 1685 3248 καί
1709 3190 1834 3265 μοιχείας
1846 3191 1911 3263 dgna

274 3288 480 3357 erubescebam
494 3302 585 3361 neque
597 3290 686 3345 solum
696 3286 832 3346 adulterio
849 3302 911 3345 reae
924 3287 1064 3360 inquinat.
1114 3282 1385 3356 καταμολονδμινος,
1396 3285 1438 3350 ιίς
1450 3284 1533 3340 ababa
1548 3283 1687 3357 παροινῶν
1698 3284 1751 3340 οίκ
1764 3283 1911 3358 geginam·
1965 3330 1968 3333 a

276 3380 327 3438 sed
341 3387 370 3437 ct
395 3378 492 3437 fratris
507 3387 569 3435 toro
592 3377 723 3451 injuriam
740 3378 940 3451 infertorem,
958 3378 984 3436 sl
1001 3378 1066 3450 quis
1115 3375 1164 3433 καί
1176 3377 1208 3431 σθ
1223 3376 1305 3431 τοῦτο
1317 3376 1549 3452 μθνονμοιχιίας,
1571 3376 1641 3434 θιλλίι
1655 3378 1704 3433 καί
1722 3375 1840 3448 moed
1865 3376 1912 3433 ίν-

274 3471 349 3529 alius
365 3470 394 3527 itt
407 3485 471 3528 eum
483 3468 637 3542 iniuriosus
651 3468 814 3536 exstiti-sset,
830 3469 867 3526 ab
876 3470 952 3526 omni
964 3477 1065 3527 wutu-
1116 3467 1225 3542 οθρίζιι
1236 3468 1342 3541 κοίτην,
1355 3468 1390 3543 ην
1405 3468 1461 3524 teet
1474 3468 1523 3525 καί
1535 3486 1608 3534 τινος
1618 3468 1761 3544 ἀλλοτρίου
1782 3469 1912 3540 θθρίζον-

274 3561 357 3620 mella
372 3562 548 3635 cognationis
559 3560 623 3634 lure
633 3550 777 3619 uindicare
794 3560 952 3632 oportebat,
968 3576 1066 3632 quern·
1114 3577 1171 3628 σος,
1185 3560 1359 3636 inopinatae
1379 3559 1421 3632 τῷ
1438 3559 1538 3634 δικαίῳ
1565 3563 1616 3633 της
1635 3560 1797 3631 ουγγινιίας
1811 3562 1911 3617 duant-

272 3670 329 3728 qne
344 3663 476 3727 unquam
486 3656 631 3729 proprium
642 3668 742 3711 curare
754 3653 872 3711 debebat
888 3652 980 3712 :bunc
991 3654 1066 3728 ipse·
1115 3651 1262 3707 δοίλιοτον
1288 3652 1439 3724 ιιιιρᾶσθαι
1459 3653 1616 3726 διαιηριίν·
1638 3653 1674 3728 ην
1686 3653 1741 3708 ίδει
1754 3652 1908 3739 anglingo,

273 3756 332 3805 met
347 3746 513 3816 incestabat,
524 3762 615 3820 neque
632 3746 789 3821 sanguinis,
809 3761 900 3821 neque
917 3745 987 3821 legis
1009 3747 1065 3803 nlla
1114 3743 1153 3812 ὡς
1167 3743 1283 3815 οίκείαν,
1299 3743 1402 3819 ταύτην
1425 3743 1510 3809 ababa
1532 3743 1679 3819 ἀνιίιρνσσι
1704 3744 1740 3801 δι’
1755 3745 1859 3803 αὑτοῦ·
1870 3745 1911 3819 μὴ

177 3872 180 3878 -
273 3842 384 3900 ratione
398 3840 505 3908 babita,
519 3849 551 3898 ut
565 3855 581 3897 a
597 3841 709 3913 piaculo
723 3840 885 3910 desisteret;
908 3839 959 3899 sed
977 3857 1066 3914 quan·
1115 3842 1171 3906 τοῖς
1186 3840 1215 3908 le
1227 3838 1354 3912 αίμαοος,
1372 3838 1411 3912 μὴ
1421 3841 1479 3905 τοῖς
1489 3840 1524 3895 ίκ
1536 3839 1621 3912 νόμον
1632 3840 1703 3912 ίχων
1720 3841 1769 3896 inl
1778 3841 1911 3913 λογισμδν

274 3942 331 3998 tus,
345 3939 470 4004 quantus
483 3942 555 3998 erat,
570 3930 693 3989 libidinis
708 3930 876 4004 mancipium
892 3941 964 3999 erat,
979 3940 1007 3989 et
1030 3933 1065 3988 ad
1115 3930 1274 4003 θναφίροιν,
1289 3928 1338 3985 καί
1348 3928 1397 3985 σοῦ
1419 3930 1576 4002 μιάσματος
1594 3930 1759 4003 ἀποστῆναι,
1776 3931 1836 3987 αλλ’
1847 3931 1911 3997 δλος

273 4023 462 4098 improbitatis
476 4023 652 4092 baratbrum,
679 4022 761 4096 quasi
774 4022 878 4080 clausis
891 4024 979 4080 oculis
994 4023 1065 4081 lere·
1115 4026 1166 4097 της
1182 4022 1281 4096 ηδονῆς
1303 4023 1342 4079 διν
1357 4022 1535 4097 ίνδρίιποδον,
1559 4024 1609 4080 καί
1633 4023 1748 4096 ιιρθςοθ
1770 4024 1909 4099 βάραθρον

272 4115 365 4173 batur.
394 4114 455 4184 Quo
478 4122 604 4188 tempore
622 4131 720 4187 magna
738 4115 786 4171 illa
808 4112 892 4173 Verbi
912 4130 966 4171 coa
982 4116 1066 4172 silere
1114 4116 1348 4190 αήςιοαρανομίας
1357 4115 1453 4189 ὥσπερ
1466 4116 1500 4190 δὴ
1513 4115 1590 4189 μύων
1611 4112 1910 4191 κασαρκρθμινος·’διι

273 4223 329 4266 non
349 4209 441 4281 potuit
460 4225 468 4263 :
489 4206 540 4264 scd
572 4207 741 4281 obiurgauit,
756 4207 850 4279 reique
871 4210 1065 4265 enormitatem
1114 4208 1158 4282 δη,
1172 4210 1256 4283 brai]
1282 4208 1388 4281 μιγίιλη
1403 4208 1452 4264 σοῦ
1478 4208 1568 4279 Λόγον
1582 4207 1661 4280 φωνὴ
1675 4211 1755 4283 σιγιίν
1769 4211 1821 4266 obn
1834 4209 1911 4282 ηναί·

272 4298 384 4372 ροίιίίαο
399 4298 523 4356 traduxit
537 4308 566 4356 et
580 4299 733 4372 redarguit.
748 4297 884 4355 Caeterum
899 4308 926 4355 et
938 4298 993 4355 boe
1010 4297 1064 4355 lle·
1114 4318 1189 4373 χιιο,
1206 4300 1265 4356 αλλ’
1279 4299 1422 4373 ίίηίιγχι,
1447 4298 1497 4355 καί
1519 4301 1570 4372 τῆς
1588 4300 1716 4373 πράξεως
1729 4300 1762 4356 σθ
1774 4300 1910 4373 ίκθσσμον

273 4393 353 4451 rodis
372 4392 484 4467 ingenio
495 4392 687 4461 cotrreuiebat,
700 4401 733 4449 ut
754 4407 809 4449 non
828 4392 910 4449 niodo
932 4391 1062 4449 emenda·
1077 4404 1102 4466 ρ)
1115 4391 1298 4465 ίατηλίτιοεν.4
1326 4389 1382 4447 Ἦν
1406 4391 1436 4446 δί
1447 4391 1496 4448 καί
1513 4391 1594 4447 τοῦτο
1610 4392 1744 4466 Ἡρώδου,
1772 4393 1811 4467 μη
1827 4396 1909 4466 μόνον

274 4486 360 4544 tionis
375 4499 454 4559 spem
470 4484 574 4542 nnllam
589 4485 730 4557 praebere,
745 4484 793 4542 sed
817 4494 845 4541 et
861 4485 1064 4557 improbitatem
1113 4485 1163 4539 καί
1176 4482 1358 4540 καθίστασθαι
1370 4483 1440 4556 ιιρδς
1456 4482 1612 4556 διόρθωσιν,
1626 4483 1696 4541 ἀλλὰ
1711 4486 1761 4542 καί
1781 4486 1813 4541 σθ
1823 4487 1909 4541 κακθν

273 4577 391 4648 maioris
421 4576 548 4632 criminis
563 4575 724 4652 accessione
736 4585 860 4645 augeret.
877 4575 966 4631 Probe
990 4573 1064 4631 euim
1089 4628 1093 4634 ,
1114 4574 1252 4642 αὐξάνειν,
1269 4573 1393 4647 μείζονος
1405 4574 1551 4648 προσθήκῃ
1572 4574 1673 4645 κακοῦ.
1700 4575 1836 4648 Ἀκριθιῖις
1852 4578 1908 4650 γὰρ

274 4680 418 4746 parentent
447 4684 528 4727 suum
556 4668 722 4726 homicidam
744 4669 918 4736 imitabatur,
932 4676 960 4724 et
973 4683 1004 4724 se
1017 4684 1065 4739 ge·
1114 4669 1161 4726 σθν
1172 4668 1306 4740 ρονιοιην
1320 4667 1446 4738 ίμιμιίτο
1461 4666 1581 4741 ιιασίρα,
1596 4667 1646 4722 καί
1664 4667 1702 4733 ὡς
1723 4668 1829 4724 ίκιίνον
1843 4686 1911 4743 γνη-

274 4761 398 4820 nuinum
411 4760 486 4818 illiue
498 4760 584 4817 fllium
597 4774 659 4817 esse
678 4761 769 4831 reipsa
784 4759 992 4832 cortuprobabat.
1020 4757 1068 4817 llle
1116 4760 1163 4817 σία
1175 4759 1265 4832 σπορίι
1276 4757 1414 4814 ὲθιδαίοο.
1434 4758 1464 4812 ’θ
1478 4760 1529 4830 μίν
1539 4758 1595 4833 γὰρ
1613 4759 1678 4825 nobe
1696 4759 1846 4831 ἡλικιώτας
1860 4760 1910 4817 τοῦ

272 4853 350 4912 enini
364 4851 486 4925 aequales
501 4852 615 4924 Antiqui
627 4851 746 4920 dierum,
760 4852 931 4924 quipropter
947 4867 999 4910 nos
1025 4853 1067 4909 ln·
1116 4850 1237 4907 ίίαίιαιοῡ
1251 4851 1308 4915 σῶν
1326 4848 1440 4923 ἡμερῶν
1458 4846 1494 4903 δι’
1510 4850 1586 4921 ημᾶς
1607 4851 1802 4925 νηπιθσαντος,
1818 4848 1910 4924 clodi

274 4947 390 5003 fantiam
403 4945 502 5008 subiit,
518 4952 651 5017 unquam
665 4945 759 5018 spicas
769 4946 946 5010 immaturas,
959 4960 994 5002 ex
1015 4944 1068 5000 bac
1116 4944 1218 5014 σσαχνς
1229 4940 1338 5014 ἀώρους
1348 4943 1398 5012 της
1411 4940 1485 5011 ζωῆς
1498 4940 1684 5014 inculpare
1697 4942 1727 4998 δί
1742 4942 1789 5000 abu
1799 4944 1910 5018 κηροκα

272 5038 332 5093 uita
344 5036 480 5094 demetit:
498 5036 544 5093 ille
559 5051 623 5092 reru
639 5051 804 5107 praecouetu.
824 5037 872 5109 qui
900 5035 1067 5092 medicinam
1115 5035 1164 5107 σὴν
1177 5034 1328 5107 θεραπείαν
1349 5032 1559 5105 ιίσηγούμενον,
1581 5033 1629 5089 καί
1645 5033 1698 5107 τὴν
1711 5035 1848 5108 σηκιθθνα
1862 5036 1910 5092 σί-

273 5125 420 5192 οίίοιοίινι,
431 5124 662 5198 putredinemque
674 5125 1067 5191 arrlmaeexscindebat‚inter·
1118 5145 1218 5201 μνονια
1229 5126 1281 5197 τῆς
1294 5125 1396 5197 ψυχῆς,
1413 5125 1595 5196 incenderat.
1615 5127 1701 5183 liabd
1723 5127 1842 5194 δείλαιος
1862 5127 1911 5187 aba

273 5216 343 5285 fucit,
362 5228 390 5275 et
406 5217 493 5273 miser
511 5231 574 5273 euru
587 5216 635 5288 qui
655 5226 687 5272 ut
700 5217 811 5274 vincula
838 5218 966 5283 solveret,
983 5217 1066 5282 adre-
1088 5252 1091 5258 -
1114 5218 1207 5291 λύσειν
1219 5218 1300 5272 atriu
1314 5214 1423 5289 δεσμῶν
1440 5214 1651 5290 βεδοολημίνον,
1667 5216 1777 5290 θισμοίς
1789 5218 1911 5275 onom-

230 5306 232 5310 ‘
272 5314 364 5371 namt,
377 5305 403 5360 iu
417 5301 527 5359 uincula
543 5300 676 5373 conjicit3
690 5304 795 5376 quique
817 5306 853 5360 ab
866 5304 955 5361 oculis
969 5305 1066 5375 caligi·
1116 5311 1169 5366 λοι·
1184 5313 1233 5365 καί
1247 5309 1294 5364 ebo
1318 5308 1542 5381 αποκαθαίρονια
1558 5308 1614 5364 τῶν
1640 5307 1789 5382 ὀφθαλμῶν
1810 5309 1861 5382 τὴν
1880 5312 1910 5379 ie

268 5381 332 5442 nem
353 5393 506 5460 «stupetis
522 5392 711 5464 abstergebat,
721 5393 842 5451 carceris
857 5394 980 5452 tenebris
996 5409 1065 5451 con·
1117 5403 1214 5479 ἡδονῆς
1224 5402 1320 5474 αχλθν,
1335 5402 1425 5474 σκδιιρ
1436 5402 1558 5475 φρουρᾶς
1573 5401 1733 5457 ἀποκλείει·
1751 5398 1813 5458 alre
1832 5420 1911 5474 γινο-

268 5474 370 5543 ctudit.
387 5479 490 5538 lleinde
506 5482 626 5539 natalem
641 5485 715 5539 diem
731 5483 864 5552 celebrat,
879 5500 960 5557 quetu
976 5487 1065 5543 sattius
1119 5494 1185 5551 σίων
1211 5493 1309 5567 ἑορτὴν
1330 5497 1489 5567 acceperet,
1515 5486 1538 5566 ᾧ
1552 5493 1667 5567 ἄμεινον
1679 5490 1726 5568 ἢν,
1755 5495 1819 5569 μηδ’
1839 5497 1912 5562 ein<

269 5567 363 5653 luerat
387 5572 477 5629 lucem
511 5574 595 5648 bujus
623 5577 691 5634 solia
719 5591 863 5661 uunquam
905 5580 1062 5660 aspexisse.
1118 5586 1187 5659 ιιρδς
1199 5585 1285 5658 αθγίις
1298 5585 1377 5660 blico
1390 5587 1489 5655 ίλθείν,
1504 5585 1553 5644 καί
1567 5590 1651 5645 παῖδα
1668 5589 1720 5662 τῆς
1741 5589 1911 5665 σομιρθαιρο-

299 5718 365 5784 ’Μ’
377 5749 444 5809 Luc.
456 5768 498 5822 ιιι,
514 5752 546 5810 5.
585 5753 696 5815 ”fuam
711 5773 731 5825 ι,
741 5757 787 5815 99.
