4220 6440
485 733 877 921 nuoms
942 727 1511 917 secunus

64 1114 107 1213 *l
582 1090 958 1211 bullonem
1004 1083 1412 1202 ΡΒιἘΕΑΤΙΟ.

53 1250 111 1481 ,
807 1336 1016 1384 ψ-

224 1473 304 1550 Quia
316 1473 351 1537 in
360 1467 546 1552 Potrolopio
554 1475 663 1535 nostra
674 1468 785 1535 Gracc
804 1467 940 1551 primum
968 1464 1155 1543 collegimus
1175 1459 1283 1525 omnia
1296 1455 1412 1524 Leonis
1425 1453 1594 1549 Sapientis,
1610 1452 1814 1547 imperaloris

61 1520 97 1615 ἳ
184 1551 539 1634 constantinopolitani,
563 1566 662 1633 opera
683 1564 755 1631 que
766 1547 946 1628 argrrmenti
960 1544 1042 1610 sacri
1054 1544 1106 1634 rel·
1116 1541 1245 1606 moralis
1258 1545 1342 1633 sunt,
1363 1553 1474 1621 paucis
1495 1530 1726 1599 declarabimus
1739 1550 1816 1599 con·

70 1618 93 1701 3
185 1633 291 1698 silium
326 1648 369 1696 uo
384 1631 418 1693 in
432 1629 556 1707 scriptis
570 1628 656 1693 docti
669 1629 727 1697 riri
740 1636 772 1693 et
787 1627 866 1706 regii
886 1624 1023 1699 auctoris
1034 1620 1221 1763 colliqendis
1235 1637 1283 1683 usr
1299 1633 1419 1682 sumus.
1638 1691 1645 1707 ι

225 1714 290 1776 Leo
351 1712 456 1792 piens,
469 1707 575 1771 Basilii
597 1707 778 1772 blacedouis
801 1704 1001 1787 imperatoris
1026 1704 1082 1766 ct).
1100 1702 1193 1775 liius,
1213 1714 1318 1790 anuos
1348 1702 1441 1760 natus
1460 1692 1678 1757 novemdecim
1711 1691 1814 1775 patri,

187 1791 243 1873 qui
257 1806 343 1854 anno
363 1787 422 1853 886
437 1788 525 1861 obiit,
544 1785 706 1861 successit,
723 1794 755 1849 et
780 1785 950 1865 imperium
971 1780 1128 1847 Orientale
1149 1781 1335 1861 gubernant
1353 1772 1508 1865 usquead
1522 1770 1728 1864 annumllll.
1750 1788 1815 1853 quo

187 1869 257 1953 ipse
274 1869 336 1931 vita
353 1868 492 1943 functus,
505 1882 638 1945 regnum
664 1865 802 1929 filiosuo
827 1862 1032 1934 Constantino
1056 1859 1347 1998 Porphyroqenelae
1362 1861 1510 1935 septenni
1528 1856 1710 1945 transmisit.

77 2012 82 2027 ,
230 1948 329 2011 Vitam
352 1945 468 2011 Leonis
492 1960 532 2008 ex
560 1944 714 2008 industria
742 1943 941 2025 scripserunt
962 1943 1185 2005 Constantinus
1211 1937 1296 1999 tirus
1311 1951 1391 2015 epus,
1412 1938 1443 1996 et
1457 1933 1611 2011 Georgius
1627 1928 1814 2001 monachus,

189 2043 327 2168 stilti
340 2011 1496 2167 ¹”tlttlt‘'tillidi-dtttttt‘’itlltdttttll'ttttts
1514 2010 1816 2154 insidii

190 2184 298 2260 niatu,
325 2151 506 2258 hedrcnus,
540 2118 773 2245 concientiam]
793 2182 951 2244 Manasses
980 2118 1019 2244 ei)
1040 2179 1175 2241 Zonaras
1205 2173 1261 2256 qui
1294 2171 1456 2261 historiam
1482 2136 1609 2232 illorum
1635 2177 1815 2263 temporum

190 2264 439 2354 descripserunt.
475 2263 560 2324 luter
594 2266 741 2323 auctores
756 2260 949 2324 recentiores
966 2255 1079 2322 medlo
1108 2254 1283 2346 laudandus
1303 2256 1440 2344 occurrit
1457 2250 1491 2311 C.
1503 2250 1538 2311 ll.
1550 2250 1738 2343 Eepemrclr,
1757 2264 1816 2341 qur

188 2343 224 2406 in
252 2340 576 2405 animadversionibus
605 2337 735 2419 adjectis
756 2339 846 2419 operi
861 2340 892 2401 C.
909 2341 945 2401 d.
965 2336 1059 2410 Beck,
1081 2337 1126 2398 lle
1140 2331 1279 2399 Novello
1298 2332 1410 2394 Leonas
1427 2328 1816 2420 superspeculemur,

191 2438 358 2502 earumque
370 2439 431 2482 orn
445 2426 474 2481 et
501 2419 702 2492 auctomento,
733 2418 820 2500 quod
838 2417 926 2480 Halae
941 2433 992 2480 an.
1011 2415 1087 2478 litt
1098 2413 1208 2489 edidit,
1223 2411 1322 2476 multa
1349 2409 1389 2471 de
1404 2408 1477 2477 rita.
1500 2406 1655 2483 moribus,
1673 2407 1818 2473 doctrina

192 2507 223 2563 ot
251 2499 366 2579 agendi
394 2497 527 2642 tratione
556 2497 671 2561 Leonis
701 2497 858 2581 Sapientis
892 2494 1170 2577 observavitque
1202 2490 1297 2556 docto
1326 2487 1436 2553 lectori
1462 2484 1589 2568 placere
1613 2492 1644 2552 st
1674 2485 1818 2552 subsidio

191 2595 262 2642 csse
305 2594 418 2642 deun.

231 2596 1026 2738 urinispauor,etpernecessariadetibabimus'
1769 2705 1772 2711 ,

232 2738 308 2809 heo,
327 2737 384 2801 etsi
405 2736 592 2819 asapientia
605 2750 723 2799 nomen
738 2735 876 2799 obtinuit
889 2741 920 2799 et
933 2751 953 2799 a
967 2733 1098 2816 pietate,
1111 2731 1178 2796 imo
1192 2736 1224 2794 et
1241 2746 1259 2794 a
1274 2726 1440 2870 ‘i¹¹f³⁰⁰⁵⁸
1454 2726 1717 2820 Christianmzclo
1727 2745 1819 2821 corn·

193 2815 394 2879 mandandus
415 2816 466 2888 sit,
500 2815 583 2878 ritiis
602 2823 709 2877 tamen
732 2831 796 2877 non
823 2816 935 2888 camit,
951 2830 1011 2877 nec
1031 2812 1065 2875 in
1088 2810 1237 2875 omnibus
1256 2809 1312 2872 Der
1348 2823 1438 2887 egem
1459 2816 1603 2871 serravit.
1625 2808 1689 2887 spe
1720 2809 1820 2889 prolrs

194 2893 337 2968 allectus,
352 2911 418 2959 non
448 2901 570 2958 tantum
603 2903 709 2957 uartas
725 2894 853 2976 nuptias
876 2892 962 2966 adiit,
980 2889 1068 2974 quod
1081 2890 1116 2953 in
1140 2888 1212 2982 ipso
1226 2887 1331 2953 clerus
1346 2885 1713 2980 constantinopolitanus
1725 2886 1820 2950 rehe-

193 2981 319 3037 menter
333 2989 367 3037 re
392 2973 550 3049 rehendit,
565 2911 691 3036 siccut
705 2989 813 3036 temm
831 2971 967 3035 schisma
976 2969 1052 3034 inde
1067 2970 1102 3033 in
1112 2969 1239 3032 Oriente
1262 2967 1410 3041 oriretur,
1425 2965 1501 3029 dum
1518 2965 1585 3042 alii,
1598 2966 1819 3030 consentiente

195 3054 343 3117 Romano
370 2991 540 3125 ioannes,
555 3051 787 3115 contenderent
804 3059 933 3133 quartas
957 3067 1001 3113 nu
1025 3049 1085 3113 tias
1106 3048 1211 3111 divina
1236 3047 1307 3126 lege
1330 3061 1394 3109 non
1439 3044 1589 3121 robibcri,
1604 3044 1659 3107 alii
1681 3062 1757 3110 vero
1785 3045 1819 3109 id

194 3131 358 3214 prohiberi
384 3136 562 3195 assererent
578 3147 587 3207 ;
603 3130 659 3193 sed
675 3129 809 3211 insuper
824 3131 949 3193 virente
971 3147 989 3192 a
1014 3130 1077 3193 huc
1100 3127 1240 3208 legitima
1268 3142 1368 3190 uxore
1382 3062 1635 3206 Teeopbauonc,
1654 3141 1726 3187 cum
1755 3143 1816 3207 qua

196 3211 304 3275 tertias
329 3210 457 3292 nuptias
465 3215 682 3284 'corrtraxerat
700 3209 827 3291 publice
842 3209 917 3272 vixit
934 3225 1009 3273 cum
1021 3209 1098 3283 zoe,
1114 3223 1209 3288 quam
1237 3211 1381 3287 quartam
1400 3220 1532 3267 uxorem
1550 3203 1668 3267 babere
1701 3203 1817 3281 voluit,

194 3306 290 3370 aqua
301 3289 539 3354 constantinum
555 3287 881 3369 Porphyroqenetam,
897 3302 1116 3352 successorem
1127 3302 1232 3362 mum,
1245 3282 1393 3349 obtinuit.
1408 3284 1479 3374 Non
1503 3290 1607 3363 potest
1626 3282 1721 3362 igitur
1753 3286 1818 3348 Leo

195 3368 332 3511 εαρίθὲῧ
340 3385 360 3432 a
371 3366 501 3450 publico
521 3366 676 3431 adulterio
694 3367 849 3431 excusari.
864 3366 1103 3450 Theophauone
1117 3372 1222 3429 autem
1239 3367 1377 3439 mortua,
1392 3361 1566 3443 legitimum
1581 3361 1818 3428 matrimonium

196 3464 269 3513 curn
333 3446 443 3516 einiit.
1592 3472 1596 3480 ·

234 3527 409 3608 imperium
423 3523 593 3601 Orientale,
607 3524 727 3590 nedum
744 3524 816 3608 ipso
832 3531 984 3604 regnante
993 3524 1133 3600 floreret,
1151 3522 1259 3587 clades
1285 3520 1437 3605 plurimas
1452 3525 1484 3583 et
1501 3520 1696 3586 calamitates
1708 3522 1819 3599 subiit,

197 3604 315 3686 quihus
334 3604 422 3670 uuila
435 3605 557 3668 ratione
565 3620 733 3676 occurrere
742 3605 857 3686 poluit,
872 3604 993 3687 quippe
1007 3606 1075 3689 qui,
1090 3612 1125 3669 ut
1135 3604 1289 3669 coaetanei
1302 3602 1367 3684 jam
1384 3599 1603 3677 observarunt,
1614 3600 1687 3683 plus
1700 3601 1819 3667 caleret

196 3684 328 3761 ingenio
344 3683 520 3758 etcalamo,
536 3700 631 3764 quam
645 3684 740 3747 armis
753 3691 785 3746 et
795 3684 947 3766 potentia.

237 3764 362 3829 Nomen
374 3769 481 3827 autem
512 3761 673 3843 Sapientis
705 3762 841 3844 adeptus
861 3769 910 3825 est
935 3779 975 3828 eo
1003 3763 1102 3846 qood,
1121 3759 1318 3825 interstatis
1338 3776 1405 3823 suae
1419 3758 1503 3824 viros
1525 3757 1648 3833 doctos,
1664 3761 1816 3844 princeps

196 3838 292 3906 facile
310 3841 491 3934 haberetur,
505 3846 603 3920 atque
626 3841 794 3933 inter-ipsa
812 3841 939 3933 imperii
957 3843 1085 3923 negotia
1105 3850 1314 3937 clarmanum
1328 3836 1491 3922 strepitus,
1505 3839 1624 3931 litteras
1641 3858 1746 3905 sacras
1778 3860 1817 3907 ac

197 3920 483 4081 tffllllttdill
496 3919 1819 4090 lllllltaltttn,llicitsllttttdltlttaltttttltlht'tltlt

198 4078 387 4152 floruerunt,
404 4077 526 4142 nullum
541 4078 696 4142 exstitisse
704 4079 759 4160 qui
774 4079 936 4162 copiosius
947 4086 978 4143 et
993 4079 1118 4144 doctius
1148 4094 1247 4143 sacrae
1261 4075 1430 4156 theologie
1445 4078 1638 4158 questiones
1648 4078 1748 4143 rarias
1758 4087 1819 4144 tra·

199 4165 300 4222 staret
318 4165 350 4222 et
367 4162 553 4238 exponeret.
575 4158 651 4222 Hoc
666 4158 770 4221 studia
783 4160 824 4222 ab
855 4158 1059 4240 imperatoria
1088 4156 1301 4223 ellicitodinc
1319 4156 1451 4219 minime
1463 4155 1565 4219 alienia
1580 4157 1731 4237 putabant
1761 4160 1820 4239 qui

198 4234 349 4301 onsntatt
361 4235 497 4319 imperio
521 4246 690 4319 praeerant,
705 4237 878 4319 presertim
891 4254 964 4300 cum
982 4237 1157 4319 patriarcba
1173 4235 1536 4317 Constantinopolilanus
1552 4243 1584 4299 et
1607 4238 1817 4320 metropolitae

198 4315 335 4381 Orientis
346 4321 448 4380 totum
469 4316 619 4379 Ecclesia
633 4317 776 4396 regimen
824 4318 947 4380 otestati
963 4316 1052 4380 laicae
1082 4316 1299 4398 subjecissent,
1315 4322 1347 4377 et
1360 4314 1471 4395 primre
1492 4314 1571 4388 sedi,
1587 4317 1739 4382 Romane
1753 4317 1817 4386 sci-

199 4396 284 4486 licet,
301 4394 514 4459 obedientiam
543 4394 779 4486 detrectassent.
795 4335 862 4460 lino
884 4402 958 4459 ante
989 4401 1248 4461 consummatum
1263 4394 1401 4458 schisma
1423 4410 1495 4456 cum
1514 4394 1653 4462 Ecclesia
1674 4397 1817 4463 Romana

199 4481 408 4556 imperatores
426 4473 769 4557 constantinopolitani
794 4475 1015 4539 auctoritatem
1041 4475 1211 4558 quamdam
1225 4489 1404 4552 supremam
1427 4470 1462 4535 in
1479 4490 1528 4535 res
1561 4490 1667 4538 sacras
1685 4474 1728 4540 im
1754 4494 1817 4540 una

199 4553 260 4617 sibi
278 4553 491 4618 attribuebant
514 4559 546 4617 et
559 4569 646 4635 sepe
669 4553 787 4635 saepius
802 4553 992 4618 exercebant
1008 4573 1016 4629 ;
1034 4571 1128 4636 quarn
1145 4553 1250 4618 clerus
1263 4551 1430 4616 onenratis
1446 4562 1608 4633 uunquam
1628 4554 1706 4637 ipsis
1738 4571 1817 4621 eue-

199 4632 294 4773 Rarit,
319 4632 377 4697 sed
404 4632 510 4712 potius
537 4632 663 4697 admisit
680 4641 713 4697 et
737 4632 881 4706 mabiria,
904 4633 993 4697 nulla
1020 4632 1126 4699 habita
1158 4632 1280 4697 ratione
1304 4637 1446 4694 notorum
1470 4648 1643 4709 canonum,
1657 4633 1724 4698 imo
1757 4650 1817 4701 uec

226 4712 358 4792 ranmlii
373 4711 458 4792 quod
475 4709 621 4790 prohibet
634 4726 675 4774 ne
699 4728 736 4775 ea
751 4728 823 4794 quu
839 4712 894 4775 [lei
908 4720 992 4788 sunt,
1007 4713 1118 4776 cassari
1133 4712 1313 4776 reddantur.
1330 4712 1493 4792 Tanquam
1508 4711 1654 4775 Ecclesia
1668 4715 1818 4781 custodes

198 4798 232 4854 et
256 4806 416 4855 sacromm
434 4805 591 4853 canonum
604 4788 799 4865 defensores,
824 4790 889 4855 imo
920 4791 1015 4855 veluti
1048 4792 1202 4855 doctrine
1216 4808 1252 4854 ac
1268 4789 1441 4872 discipline
1455 4790 1675 4856 ecclesiasticae
1701 4793 1816 4874 prassi-

199 4869 258 4932 des
274 4871 482 4951 imperatores
490 4868 827 4951 constantinopolitani
838 4878 1094 4951 'cnrmqpondnxls
1126 4870 1251 4933 titulum
1267 4869 1328 4932 sibi
1354 4868 1564 4944 vindicabant,
1583 4878 1617 4932 ut
1640 4871 1747 4937 videre
1769 4883 1817 4936 est

198 4947 233 5012 in
247 4948 370 5013 nocella
384 4947 483 5011 isaaci
500 4945 621 5028 Angeli,
637 4965 733 5029 quam
748 4948 954 5013 leunclavius
974 4951 1072 5013 edidit
1088 4950 1121 5012 in
1139 4951 1228 5012 duris
1253 4949 1514 5012 droco-Romani
1540 4958 1562 5013 t.
1578 4950 1616 5024 ll,
1633 4968 1665 5031 p.
1686 4947 1752 5026 169,
1785 4962 1817 5017 et

198 5043 217 5090 a
242 5026 286 5090 ud
307 5027 355 5090 Du
379 5028 496 5107 cange,
514 5026 549 5088 in
563 5024 726 5089 Glaesaria
747 5026 1029 5101 Graec-Barbare,
1053 5036 1082 5109 t.
1117 5031 1142 5099 l,
1168 5047 1200 5110 p.
1227 5027 1296 5099 let,
1317 5027 1355 5089 ad
1385 5027 1516 5092 verbum
1546 5026 1814 5103 Ἐπιστημονᾰρκης.

230 5104 283 5169 ihil
315 5106 429 5170 mirum
457 5107 552 5196 igitur
567 5105 613 5195 si·
641 5106 779 5189 n'ncipes
793 5108 847 5189 qui
870 5108 1020 5170 derebus
1043 5109 1140 5171 sacris
1161 5107 1305 5201 judicare
1319 5105 1477 5181 volebant,
1493 5125 1544 5172 res
1563 5127 1667 5176 sacras
1691 5128 1814 5192 expau-

200 5185 314 5249 derent
335 5193 366 5248 et
389 5186 430 5248 do
456 5184 570 5248 nsdern
593 5124 692 5250 binos
706 5186 993 5280 scriberem-quin·
1018 5194 1051 5250 et
1082 5188 1227 5251 homilias
1259 5193 1511 5267 componerent,
1546 5192 1656 5272 quates
1671 5190 1816 5272 episcopi

200 5279 396 5355 componere
413 5263 559 5327 solebant
583 5271 613 5326 et
629 5281 735 5328 coram
747 5265 870 5347 populo
883 5266 1058 5330 Ctrnstrano
1081 5267 1268 5330 declamare.
1284 5268 1467 5347 Quanquam
1487 5275 1592 5332 autem
1608 5271 1816 5353 imperatores

200 5343 375 5409 orientales
399 5342 433 5407 in
467 5341 628 5406 nonnullis
644 5342 732 5406 lestis
761 5347 836 5408 anni
866 5344 1110 5410 solemnioribus
1129 5346 1310 5409 vestimenta
1331 5362 1419 5409 sacra
1446 5345 1624 5425 induerent,
1651 5368 1688 5413 ac
1719 5348 1814 5410 veluti

200 5422 336 5486 ministri
357 5422 454 5487 sacris
480 5420 594 5487 olliciis
619 5423 812 5498 assisterent,
828 5425 915 5505 quod
932 5426 972 5488 ab
986 5425 1230 5507 imperatoribus
1247 5424 1439 5500 Occidentis,
1454 5424 1509 5490 illa
1526 5435 1557 5489 et
1601 5435 1814 5509 pererrante,

200 5501 318 5566 sactum
336 5512 403 5578 est;
424 5502 451 5565 si
465 5500 596 5583 quidem
610 5502 781 5583 aliquando
799 5521 868 5567 mos
882 5503 954 5577 luit,
970 5513 1006 5569 ut
1021 5506 1126 5569 tunica
1147 5504 1304 5569 diaconali
1325 5504 1428 5569 induti
1447 5446 1648 5587 evangelium
1664 5506 1816 5573 solemni·

201 5590 253 5644 ter
270 5587 433 5673 canerent,
446 5597 510 5644 non
528 5587 650 5645 constat
662 5590 766 5646 umen
779 5582 989 5664 imperatores
1003 5585 1177 5651 orientales
1201 5587 1257 5668 qui
1276 5583 1423 5650 homilias
1436 5600 1540 5649 sacras
1558 5596 1816 5670 composuerant,

202 5675 257 5725 eas
268 5659 439 5743 aliquando
463 5676 570 5725 coram
585 5660 705 5742 populo
721 5662 880 5727 recitasse.

378 5761 513 5824 Person„
529 5762 587 5823 Ge.
610 5762 700 5827 Cllll.
1536 5760 1538 5763 ’
1591 5789 1612 5833 c
