4182 6436
243 365 302 437 iai
878 357 1019 421 tubnts
1036 348 1272 420 Pnnnsoeflt
1853 347 1908 417 132

245 476 386 540 eminis
402 473 514 530 diuinos
535 469 658 527 bonores
683 466 831 543 impendit.
852 464 895 522 Nc
911 462 1090 545 ineffablicA
1102 461 1305 535 λορψονονσις,
1331 459 1362 514 iu
1383 458 1425 532 τῷ
1448 456 1600 531 πειρᾶσθαι
1626 456 1711 533 δόξης
1733 458 1917 530 ἀποστερεῖν.

247 573 340 632 deidei
363 567 488 640 Spiritus
515 561 693 627 bcocdciom,
720 575 879 631 mutansque
902 567 1049 622 extenues,
1102 555 1222 621 ἑαυτοὺς
1239 551 1423 625 ἀφαιροῦνται
1436 550 1489 624 τὴν
1502 550 1677 623 (min'bilai
1687 549 1722 606 ad
1736 567 1769 621 γι
1784 551 1835 606 aet
1847 549 1915 605 esb-

249 681 306 724 nnn
330 664 394 732 sine
415 650 464 717 tun
485 658 670 724 detrimento;
695 668 787 725 neque
819 652 895 709 enirn
920 650 982 708 ileri
1000 664 1050 720 po·
1103 662 1178 712 σονς,
1202 643 1378 717 peneltune,
1392 642 1469 715 δοίης
1480 644 1533 714 τῆς
1558 641 1651 714 ibin<
1670 643 1850 713 ὰνινιγιιιῐν·
1867 643 1914 697 ina

248 767 306 817 test
330 765 362 814 ut
384 770 401 809 a
423 760 518 810 creata
545 762 647 805 natura
674 745 884 803 renovationem
913 741 1050 813 accipias,
1103 739 1211 802 πάνιις
1225 736 1293 810 ὀρθῇ
1313 736 1432 799 πίστεως
1446 734 1605 807 συμφωνίᾳ,
1620 734 1669 801 οὓς
1682 735 1728 805 ιφ·
1746 727 1916 812 deiparat:

249 861 300 912 aut
330 864 363 913 aa
395 851 548 920 prestante
571 840 629 899 ben
657 838 841 912 conjungaris
873 837 917 893 uel
941 836 996 893 nisi
1023 833 1050 891 is
1104 830 1223 898 συνάψει
1237 830 1252 882 d
1265 828 1363 898 Λόγος,
1382 824 1416 881 oti
1437 842 1468 881 aa
1484 826 1659 889 ἀναστάντος
1674 826 1796 896 ἐκείνου,
1810 827 1915 899 inuii-

248 936 374 1019 praeiet,
387 940 435 1013 qni
444 947 492 1007 tc,
506 950 570 992 curn
586 948 643 989 noo
659 945 750 996 esses,
762 926 909 993 condidit;
934 940 968 981 ac
986 937 1051 979 cnm
1104 932 1211 988 μηῦας.
1225 915 1323 1023 einim
1336 915 1494 1021 babel-vti,
1510 917 1558 970 ml
1571 916 1675 980 πάντες
1687 915 1744 970 τῶν
1758 917 1816 973 σῶν
1830 917 1914 973 tene

248 1051 328 1096 esses
353 1038 516 1104 oorruptus,
538 1025 665 1100 potentia
691 1024 775 1096 digna
799 1018 977 1079 instauravit.
991 1015 1052 1072 ca·
1105 1025 1155 1080 μετ
1162 1006 1333 1110 elaboratio
1346 1007 1474 1079 δωριινν,
1490 1009 1525 1081 τῇ
1541 1010 1592 1081 μιᾷ
1614 1007 1740 1111 icamia
1753 1011 1802 1065 aci
1817 1010 1915 1082 κυριό-

249 1140 353 1193 terum,
375 1125 425 1196 qui
455 1132 546 1184 tuum,
572 1117 729 1184 Paraclete,
750 1112 887 1170 bonorem
911 1110 1051 1181 integrum
1102 1117 1170 1172 την
1193 1115 1242 1153 του
1266 1096 1327 1163 itia
1352 1098 1382 1151 ἕν
1408 1097 1508 1169 [letti.
1521 1101 1570 1153 καὶ
1584 1098 1655 1171 rto,
1680 1100 1730 1155 καὶ
1756 1099 1915 1171 Πνεῦματι,

249 1224 432 1285 conservant,
457 1213 505 1271 bis
531 1212 647 1269 etiamn
677 1218 705 1266 te
724 1207 815 1263 hunos
829 1193 984 1273 obtinget:
1002 1196 1053 1270 qui
1104 1189 1196 1247 Θεοῦ·
1221 1189 1288 1261 μίαν
1305 1189 1353 1244 ast
1365 1188 1416 1262 τὴν
1429 1188 1571 1261 tarpeius,
1587 1192 1637 1244 act
1656 1193 1709 1263 τὴν
1724 1190 1916 1264 προσκύνησιν

248 1327 317 1371 reru
340 1310 422 1366 aliter
434 1305 552 1371 abacti,
577 1312 606 1361 te
618 1300 715 1359 debito
726 1298 837 1355 bonore
851 1293 964 1367 privare
982 1305 1053 1348 con·
1105 1286 1253 1357 φὲρσνιις,
1270 1281 1319 1338 νῦν
1334 1283 1383 1337 aui
1399 1283 1441 1348 ιῐς
1453 1282 1519 1346 τοὺς
1533 1282 1758 1358 albswinda.
1780 1292 1784 1299 ·

249 1404 381 1469 tendunt,
407 1399 437 1457 bi
452 1399 560 1470 seipsos
589 1394 648 1453 rita
676 1391 799 1464 privant.
824 1386 880 1445 Sed
906 1393 989 1451 tu,o
1018 1380 1129 1456 patiens
1161 1392 1195 1433 ac
1223 1375 1410 1447 longanimis!
1439 1374 1491 1431 bos
1526 1391 1639 1447 qnoque
1681 1396 1699 1434 a
1740 1377 1917 1450 blasphemia

249 1515 284 1558 ac
327 1511 426 1556 errore
435 1494 548 1552 liberari
573 1487 709 1555 eotrcede,
729 1493 761 1542 ιιι
778 1499 878 1545 ornnes
906 1489 982 1537 recta
1012 1477 1078 1535 bdei
1116 1472 1278 1540 concordia,
1300 1487 1372 1542 qurts
1399 1479 1431 1528 nt
1459 1471 1578 1556 verbnm
1613 1473 1642 1529 in
1667 1473 1748 1532 ecelis
1767 1484 1917 1532 mrmectat

249 1595 311 1668 lpse
324 1608 448 1666 quoqne,
463 1604 528 1648 cunr
542 1589 590 1645 ills
603 1583 791 1648 ascendisset,
807 1578 956 1645 advenisti,
987 1575 1090 1632 unione
1117 1572 1206 1630 simus
1235 1567 1370 1637 conserti,
1409 1582 1564 1641 omnesque
1599 1566 1761 1627 diuinorum
1801 1582 1916 1633 tuorum

250 1700 402 1744 munerum
442 1682 597 1756 participes
633 1677 799 1743 obiciantur,
818 1672 883 1751 ¹uni
900 1683 988 1743 regno
1008 1678 1042 1722 ac
1058 1664 1263 1729 nominatione,
1293 1659 1377 1716 unius
1400 1661 1429 1716 in
1457 1660 1552 1729 Patre,
1586 1669 1615 1718 et
1639 1660 1722 1728 Filia,
1755 1673 1785 1723 ct
1808 1663 1917 1740 Spiritu

250 1787 362 1847 sancto,
391 1775 453 1844 bet,
468 1787 630 1846 supremum
646 1784 735 1827 unurn
758 1767 864 1824 cultum
878 1778 911 1818 ac
932 1760 1127 1818 adorationem
1143 1754 1317 1820 ealribentes,
1332 1754 1490 1812 truncatio
1512 1753 1626 1811 secula.
1645 1756 1749 1814 Amen.

504 2091 852 2162 SCIPIONISMAFFEI
882 2090 1085 2156 cabrario
1115 2088 1158 2151 IN
1186 2088 1417 2162 SEQUEN'I'EM
1432 2088 1641 2153 HOMILIAM.

289 2442 400 2501 Accidit
416 2460 517 2518 nuper,
538 2457 569 2505 ut
584 2449 732 2510 lintbenua
742 2441 939 2525 quidam-non
953 2453 1057 2512 tunna
1070 2457 1158 2512 sortis
1173 2455 1270 2522 bomo,
1289 2470 1341 2512 nec
1353 2452 1496 2517 indoctus,
1509 2448 1559 2523 qui
1575 2449 1670 2522 plures
1686 2443 1802 2501 Grmcrae
1818 2441 1914 2516 regio·

255 2547 306 2589 nea
317 2536 487 2607 peragrarit,
504 2552 549 2594 me
565 2539 712 2599 inviseret.
725 2541 792 2601 Post
808 2559 898 2616 pauca
912 2544 1093 2602 del'bntiano
1109 2545 1186 2601 circa
1205 2541 1326 2616 Spiritus
1339 2542 1429 2599 sancti
1442 2541 1652 2612 processionem
1667 2549 1774 2601 errore,
1790 2532 1835 2588 eui
1850 2533 1915 2603 qui-

254 2620 319 2676 dero
332 2621 543 2685 addictissimus
558 2637 613 2698 est,
630 2644 800 2696 sermotiem,
828 2648 877 2690 seu
895 2634 990 2705 potius
1011 2632 1232 2705 disputationem
1259 2629 1365 2687 intulit.
1395 2626 1477 2697 Quod
1491 2626 1619 2699 urgebat,
1636 2632 1664 2680 ct
1678 2623 1708 2679 ln
1724 2635 1781 2693 quo
1794 2619 1918 2676 unanime

255 2709 409 2779 ”blitildis
421 2712 449 2768 id
458 2723 520 2771 erat
536 2733 544 2771 ε
560 2715 708 2776 ostensam
718 2721 773 2777 sibi
785 2721 873 2779 luisse
887 2721 1012 2795 Smyrnae
1025 2722 1054 2777 io
1069 2721 1156 2778 aeteri
1167 2720 1331 2777 menrbraoa
1349 2720 1533 2793 perscriptam
1549 2716 1652 2774 Leonis
1666 2710 1809 2784 Sapientis
1822 2709 1917 2765 burni-

255 2797 333 2866 lism,
347 2800 430 2871 cuius
443 2801 497 2860 bac
509 2804 543 2860 de
561 2820 593 2862 rc
606 2817 772 2878 argumenta
784 2825 859 2883 aegre
873 2811 984 2869 anobis
996 2811 1084 2868 releiil
1096 2811 1216 2882 possint,
1230 2809 1314 2879 idone
1335 2811 1364 2866 in
1381 2823 1468 2866 causa
1485 2821 1560 2874 esse,
1586 2820 1649 2871 cur,
1677 2799 1788 2859 etiamsi
1803 2799 1833 2854 in
1849 2798 1917 2870 qui·

255 2889 377 2947 busdam
391 2889 478 2950 ltaliae
491 2893 668 2955 bibliothecis
682 2898 830 2970 babeatnr,
850 2916 995 2973 nunquam
1008 2901 1085 2959 edita
1108 2899 1156 2956 sit.
1171 2899 1296 2956 Primum
1316 2914 1382 2971 ergo
1396 2904 1504 2970 quanto
1527 2896 1557 2952 in
1570 2907 1668 2951 errore
1684 2897 1847 2953 uersentur,
1863 2886 1915 2959 qui

255 2979 425 3050 supprimis
441 2983 534 3049 nobis,
549 2995 634 3058 atque
653 2987 737 3044 etiarn
754 2988 860 3046 aboleri
878 2988 1102 3047 adversariarum
1118 2998 1280 3045 tuostrnrnm
1305 2998 1399 3044 uetera
1414 2986 1521 3057 scripta
1533 2983 1697 3056 opinantur,
1710 2976 1820 3036 ostendi
1838 2974 1920 3032 iacil-

256 3066 343 3123 linas:
359 3082 424 3123 nans
441 3069 546 3128 latebat
560 3073 680 3146 exempli
697 3075 800 3147 gratia,
814 3082 844 3134 et
856 3077 1034 3148 paucissimis
1049 3085 1111 3134 erat
1123 3087 1200 3141 nota,
1231 3074 1326 3131 Pbotii
1339 3075 1374 3131 ad
1386 3073 1597 3146 Aquileiensem
1607 3069 1773 3141 episcopum
1788 3064 1919 3145 epistola,

257 3165 322 3209 curn
342 3168 403 3209 eaor
423 3169 459 3211 ex
476 3161 678 3232 manuscriptis
693 3162 778 3229 eruit,
792 3170 877 3234 atque
889 3164 918 3220 in
934 3164 1073 3236 publicam
1086 3165 1177 3219 luceru
1194 3162 1311 3233 protulit
1325 3160 1480 3218 cardinalis
1495 3158 1652 3226 liaconiw
1668 3171 1703 3214 ea
1719 3154 1817 3228 procul
1834 3152 1921 3210 dubia

256 3243 368 3298 ratione
382 3241 526 3312 inductus,
539 3247 674 3317 quoniam
690 3234 834 3321 nunquam
845 3250 960 3315 clarius,
976 3265 1060 3322 quarn
1076 3265 1139 3307 curn
1153 3258 1345 3321 oppugnator,
1360 3248 1465 3305 ueritas
1480 3247 1594 3304 emicat.
1614 3245 1650 3301 At
1673 3258 1769 3301 nonne
1779 3249 1920 3314 prestan-

254 3329 315 3384 -tior
332 3331 465 3388 comibus
481 3333 615 3391 bicorani
626 3335 714 3394 editio
725 3339 858 3403 Arabica,
871 3346 899 3396 et
910 3336 1009 3397 Latios
1020 3336 1129 3395 Patavii
1145 3338 1291 3396 elaborata
1304 3335 1428 3410 prodiitl
1442 3333 1543 3392 Nonne
1557 3331 1683 3390 ienetiis
1700 3332 1842 3389 virulenta
1854 3329 1921 3403 plu·

253 3416 333 3473 riom
346 3414 541 3478 liabbinorum
551 3437 638 3496 opera
652 3439 743 3496 nuper
756 3414 895 3499 vulgatal

293 3527 399 3588 ierom
411 3532 488 3602 quod
500 3533 535 3590 ad
549 3535 652 3595 Leonis
666 3539 823 3596 erutionetn
850 3540 963 3607 attinet,
986 3538 1188 3598 nndceruditu
1210 3536 1304 3596 llusso
1327 3535 1491 3608 plenissima
1515 3533 1724 3600 satisfacerem,
1740 3532 1770 3590 io
1785 3540 1920 3605 prompta

225 3665 227 3669 ,
254 3617 329 3674 nabi
343 3617 405 3673 luit.
421 3618 553 3678 codicem
569 3624 680 3681 ostendi
693 3625 867 3692 inauratum,
877 3636 910 3683 ut
921 3627 1099 3697 imperatoris
1112 3626 1322 3684 lucubrationes
1333 3633 1490 3681 seruantem
1504 3624 1597 3693 decet,
1609 3624 1638 3697 in
1650 3620 1757 3679 Grada
1771 3622 1921 3694 scriptum,

258 3705 459 3778 eleganterque
474 3720 664 3782 compactum,
685 3710 786 3769 beorna
796 3711 831 3769 lli
848 3714 932 3784 vulgo
950 3712 1093 3785 Sapientis
1111 3713 1243 3769 bomilias
1260 3713 1450 3769 continentem
1471 3711 1507 3766 33
1533 3725 1567 3767 ea
1591 3709 1689 3766 morali
1705 3708 1834 3780 epistola,
1860 3706 1921 3764 aire

258 3795 408 3866 peronen,
426 3797 500 3853 inter
513 3797 564 3855 bas
575 3807 747 3869 computata,
764 3815 849 3872 quarn
863 3799 963 3859 Latine
976 3801 1011 3856 ad
1030 3814 1134 3858 annuns
1158 3801 1208 3858 att
1222 3800 1360 3857 baronius
1373 3799 1474 3856 edidit.
1491 3798 1579 3864 Ordo,
1597 3812 1655 3870 qno
1678 3803 1874 3860 recensentur,
1892 3796 1919 3852 ia

258 3881 322 3952 ipae
334 3891 388 3949 est,
405 3884 452 3940 cui
466 3882 618 3942 Vaticanus
635 3887 707 3944 iiber
729 3889 896 3957 maerebat,
920 3904 1010 3961 aquo
1026 3889 1162 3946 baronius
1183 3904 1280 3946 earurn
1300 3896 1467 3960 argumenta
1494 3886 1681 3959 deprompsit.
1696 3884 1794 3942 Exbis
1805 3884 1921 3943 litass—

194 3966 197 3971 '
259 3970 410 4026 tnnsnrodo
421 3971 449 4027 io
463 3972 603 4043 publicant
621 3975 711 4032 lucem
729 3977 844 4049 prolatae
858 3986 935 4047 sunt,
949 3977 984 4032 {8
996 3977 1094 4045 iatcot,
1109 3983 1137 4033 et
1149 3976 1186 4032 ab
1197 3973 1319 4031 eruditis
1333 3974 1497 4045 cupiuntur.
1512 3973 1695 4046 Vulgatarnm
1710 3971 1919 4035 aCombeiisio.

258 4069 322 4128 qnae
338 4060 427 4115 beatas
442 4058 566 4134 Virginis
583 4064 854 4134 butruntiationent,
877 4063 1044 4137 Dominique
1072 4064 1318 4120 Resurrectionem
1345 4062 1500 4131 celebrant,
1532 4077 1585 4119 nec
1604 4060 1730 4118 Vaticani
1755 4077 1772 4116 a
1796 4060 1920 4117 llaronio

260 4147 381 4219 inspecti
397 4147 479 4206 iidem
497 4152 718 4223 comprobarunt
733 4153 858 4220 codices,
872 4169 926 4210 nec
940 4164 1037 4211 noster
1051 4151 1228 4223 comprobat,
1242 4150 1292 4223 qui
1310 4164 1361 4207 eas
1388 4165 1443 4206 nnn
1469 4150 1583 4206 babent.
1612 4147 1674 4213 ltia,
1692 4148 1728 4205 de
1758 4164 1812 4221 qua
1825 4164 1920 4206 sermo

258 4242 332 4304 erat,
344 4237 457 4294 tertium
476 4237 505 4295 in
519 4255 586 4298 mss.
603 4243 710 4299 obtinet
726 4242 829 4300 locum.
847 4240 879 4299 ln
892 4257 925 4299 ea
939 4242 1075 4314 qrridqoid
1090 4255 1141 4312 pro
1155 4236 1314 4297 Graecmunr
1333 4252 1430 4315 errore
1446 4237 1481 4294 de
1495 4238 1586 4294 saneti
1600 4237 1723 4308 Spiritus
1737 4241 1921 4309 processione

259 4325 451 4396 excogitatum
467 4327 532 4393 init,
553 4330 660 4403 colligit
685 4328 754 4395 Leo,
769 4339 853 4402 atque
868 4341 995 4402 apparat.
1013 4329 1191 4400 Quapropter
1205 4324 1304 4382 nullibi
1324 4324 1414 4398 magis
1429 4324 1533 4394 elucet,
1545 4340 1630 4398 quarn
1647 4325 1760 4384 ueneris
1780 4325 1921 4399 captioni·

261 4413 328 4478 bus,
344 4428 428 4483 qrrarn
445 4414 564 4474 inbonis
579 4418 743 4476 schismatis
756 4427 981 4490 propugnatores
995 4417 1152 4472 innitantur
1167 4413 1362 4486 sophismatis.
1592 4405 1594 4409 ’

298 4497 370 4555 (inm
387 4509 479 4557 autern
495 4502 529 4560 ad
545 4504 691 4563 cbartulas
707 4522 785 4564 meas
801 4505 1000 4571 accessissent,
1013 4504 1137 4561 libellum
1149 4501 1269 4568 extraxi,
1285 4500 1314 4557 in
1326 4515 1383 4573 quo
1398 4507 1463 4556 ante
1475 4498 1528 4555 bos
1539 4499 1576 4557 ab
1590 4507 1640 4555 aut
1659 4499 1767 4573 plures,
1780 4499 1810 4556 ni
1824 4497 1919 4570 fallar,

262 4600 365 4654 annos,
375 4589 518 4661 exscripta
538 4606 588 4662 per
603 4606 649 4650 me
663 4593 787 4651 ecodice
802 4593 893 4651 oratio
909 4592 1012 4662 luerat,
1029 4590 1128 4647 Latine
1142 4590 1263 4656 reddita,
1276 4596 1304 4646 et
1322 4587 1359 4645 ab
1373 4603 1488 4646 causatu
1501 4589 1574 4643 banc
1594 4589 1706 4645 abunde
1717 4590 1875 4659 confutata,
1891 4599 1920 4648 st

263 4673 379 4745 reiecta.
396 4673 456 4732 lloc
474 4680 774 4749 attteurpraestiterarn,
791 4696 856 4737 curn
872 4682 1071 4737 anecdotorum
1098 4678 1126 4734 in
1144 4692 1214 4735 mss.
1241 4676 1453 4735 Veronensibus
1477 4677 1624 4734 lateritium
1644 4677 1839 4734 collectionem
1854 4690 1922 4739 tunc

265 4763 402 4832 telamonis
420 4763 597 4836 adornarem,
609 4782 727 4839 quoruru
746 4770 886 4840 quadam,
900 4768 1050 4825 occasione
1061 4767 1164 4833 obluta,
1186 4766 1303 4823 seorsim
1317 4774 1414 4837 postea
1430 4765 1572 4838 prodiere,
1589 4766 1645 4822 alia
1659 4779 1717 4822 nnn
1732 4781 1821 4839 pauca
1833 4766 1922 4825 latent

261 4848 367 4917 adbuc,
379 4862 408 4908 et
417 4852 649 4922 obdormiscunt.
666 4857 742 4914 inter
752 4855 848 4916 Graeca
861 4860 994 4930 opuscula
1006 4856 1079 4913 banc
1091 4854 1231 4928 precipue
1242 4853 1385 4921 bombiano
1398 4855 1562 4923 selegerant,
1577 4851 1643 4924 quia
1652 4854 1920 4925 opportunissimum

260 4947 397 5010 prestare
408 4939 513 4998 aditum
529 4943 678 5001 ridebatur
696 4947 763 5004 anibi
783 4946 817 5003 ad
834 4947 1002 5003 catholicam
1015 4945 1045 5002 in
1059 4943 1114 4999 boc
1125 4949 1291 5014 argumento
1306 4939 1463 4997 doctrinam
1484 4937 1821 5011 aaupbi'sticisornnibns
1839 4942 1921 4999 tricis

261 5040 380 5097 prorsus
395 5026 604 5087 uindicandam.
617 5031 682 5091 llee
698 5034 765 5091 item
784 5036 869 5102 ratio,
891 5042 921 5090 ut
946 5032 1029 5090 nono
1041 5032 1179 5098 emittam,
1201 5030 1331 5101 impellit,
1348 5044 1438 5101 eoque
1464 5028 1568 5099 magia,
1594 5026 1683 5098 q'nod,
1703 5042 1768 5085 cum
1787 5028 1921 5086 adnotata

261 5113 377 5171 aduenae
393 5130 456 5172 nreo
473 5118 658 5190 perlegerem,
677 5122 922 5195 quidbeponeret,
944 5138 1002 5179 uon
1028 5119 1158 5177 babebat.
1180 5116 1314 5176 Greciont
1331 5117 1512 5176 ornatorum
1525 5116 1573 5191 ,itti
1587 5117 1663 5174 donn
1674 5118 1751 5187 dedi,
1766 5128 1864 5191 atque,
1880 5134 1921 5191 ut,

260 5199 298 5256 de
310 5215 368 5272 quus
381 5202 484 5273 agitur,
501 5202 638 5275 Spiritum
651 5217 780 5265 sanctum
793 5217 853 5267 toto
868 5209 954 5266 cordo
967 5208 1122 5271 invocaret,
1138 5206 1270 5265 bortatus
1285 5222 1361 5265 sunt.

297 5285 440 5359 Sapientis
457 5292 581 5359 titulum,
595 5309 681 5366 quem
696 5286 822 5353 stn'dium
838 5297 996 5369 multiplea,
1010 5298 1163 5370 variasque,
1178 5314 1252 5371 quas
1262 5299 1390 5371 impertae
1404 5297 1504 5367 cotutt,
1517 5298 1655 5355 doctrine
1668 5295 1757 5363 benni
1776 5312 1932 5370 peperere,

260 5389 343 5431 error
361 5376 471 5445 adiuuit,
485 5395 543 5451 que
562 5393 668 5439 arecto
682 5385 748 5442 fidei
780 5388 894 5443 tramite
917 5385 1078 5454 dederisne,
1105 5397 1207 5459 prater
1232 5392 1387 5444 nrultnrurn
1407 5388 1582 5459 opinionem,
1612 5388 1673 5443 bace
1700 5385 1920 5443 huntttadocet.

259 5459 348 5519 Miror
359 5473 452 5523 tamma
465 5476 494 5523 et
510 5468 573 5527 sine
588 5470 641 5527 bac
653 5473 731 5529 uiros
744 5472 845 5530 doctos
860 5488 943 5532 secus
959 5475 1089 5547 opinatos
1103 5489 1180 5533 esse.
1196 5473 1268 5532 Natu
1292 5474 1414 5547 priunum
1443 5476 1512 5547 quid
1527 5473 1603 5531 aliud
1622 5488 1639 5529 a
1661 5472 1757 5530 Pbotii
1781 5474 1922 5547 discipulo

259 5554 492 5620 esspeonretnrt
508 5554 610 5615 deinde
623 5574 708 5630 quana
724 5562 875 5634 perspicue
888 5561 1002 5635 ruigata
1017 5563 1048 5618 in
1068 5563 1252 5621 Pentecosten
1269 5563 1385 5620 bomilia
1401 5562 1566 5620 Plautianarn
1581 5578 1622 5639 eo
1635 5563 1700 5620 locu
1710 5562 1804 5634 prodit
1815 5562 1922 5621 docui·

259 5656 337 5709 nam,
350 5658 405 5714 qun
421 5643 557 5717 Spiritum
577 5659 706 5709 sanctum
722 5652 758 5708 ab
774 5650 811 5710 iis
823 5659 901 5710 reete
913 5652 967 5709 coli
986 5652 1140 5720 asseritur,
1149 5653 1196 5725 pai
1214 5661 1298 5725 nenne
1310 5653 1385 5709 circs
1400 5653 1459 5723 sisa
1471 5661 1602 5710 notarent
1615 5651 1767 5726 quidquam
1781 5652 1921 5720 innatant,

259 5746 344 5801 tueque
362 5732 421 5804 ejas
440 5736 571 5808 eripinem
585 5739 622 5795 ad
640 5740 712 5796 dues
727 5751 826 5797 cebant
844 5741 986 5813 reseranti
1001 5741 1049 5813 latr
1069 5743 1152 5815 planu
1167 5741 1235 5814 accpi
1247 5743 1299 5814 τὴν
1320 5741 1403 5812 φύσιν
1415 5742 1447 5796 cb
1464 5725 1705 5813 καινοτομοῦντος,
1721 5741 1792 5797 tiit
1803 5741 1867 5816 μηδ’
1879 5743 1922 5807 εἰς

259 5819 351 5876 atrias
368 5822 436 5881 adri
454 5824 554 5895 διπλῆν
564 5828 768 5898 inculcasses·
781 5830 885 5898 cuibus
899 5831 992 5892 uerbis
1008 5829 1170 5891 Gatbolicos
1183 5831 1335 5903 perstringi
1362 5840 1450 5904 patet,
1477 5830 1723 5905 nrtbodnaasnnue
1751 5832 1922 5894 santcmlam
