4182 6436
178 309 233 372 133
662 305 807 369 obtato
825 306 968 371 xt11.-
983 306 1035 368 mi
1052 305 1211 369 sentire
1226 306 1384 369 SANCTO.
1777 321 1828 386 m

120 444 122 448 ⁸
175 425 247 481 taslso
262 415 430 476 insimulari.
446 412 637 485 Nequidquam
649 431 715 483 ergo
727 415 812 487 bolus
823 416 945 472 auctoris
957 426 1073 469 oausam
1099 415 1182 482 tueri,
1206 428 1363 486 aannrnquc
1388 416 1423 473 iis
1437 416 1532 473 verbis
1554 433 1669 475 sensum
1698 421 1830 495 abiungere,

174 508 297 565 asiniuus
310 516 354 564 est
370 504 415 561 Gi.
430 501 616 560 Combedsius
631 502 659 557 in
675 505 805 559 duetarm
828 519 910 559 νοοο,
922 500 1036 558 Scilicet
1058 500 1086 556 io
1112 502 1165 557 bac
1179 503 1305 559 oratione
1324 517 1483 575 quanquam
1507 504 1607 572 iudai,
1626 507 1830 575 Macedoniani,

173 596 329 667 caeterique
342 591 490 649 Trinitatis
503 598 711 664 oppugnatores
729 592 836 662 optimc
855 589 1031 654 refellantur,
1050 592 1124 646 acris
1151 592 1330 647 interseritur
1353 592 1511 664 disputatio
1539 597 1573 650 ad
1599 598 1688 654 sarrcti
1707 597 1831 671 Spiritub

173 700 191 740 a
209 683 293 739 Patre
308 689 337 740 et
352 679 424 737 Filio
435 680 642 751 processionem
667 677 861 749 rejiciendam,
882 677 1118 751 euertendamque
1133 679 1261 750 :quade
1286 695 1318 736 re
1345 695 1403 736 uon·
1425 682 1517 737 solum
1546 680 1637 739 Plautii
1664 697 1830 755 argumenta

174 770 314 843 congerit,
329 768 378 825 sed
398 769 480 825 noris
496 765 663 836 excogitatis
676 764 845 821 commentis
875 765 1064 835 nequidquam
1092 767 1221 824 blaterat.
1239 767 1319 835 Quod
1345 768 1379 821 ad
1396 769 1499 842 stylum
1519 770 1631 837 attinet,
1655 771 1698 828 cl.
1717 771 1830 843 quidem

173 858 345 916 combefisio
355 856 488 913 assentiri
504 870 622 924 nequeo,
636 857 686 928 qui
698 855 896 921 disertissimus
912 855 1050 926 orationes
1065 872 1082 907 α
1097 852 1185 910 Luem
1210 869 1269 910 uere
1285 852 1413 923 sapiente
1441 865 1549 912 eternae
1578 860 1713 913 memorias
1736 876 1833 917 arcuu-

173 957 265 1002 merrto
278 946 389 1001 relictas
404 944 525 1000 extollit·
536 941 678 1013 Effugerat
690 941 857 1015 jampridem
870 941 1120 998 disertissimaruru
1145 944 1303 998 orationum
1318 953 1403 1013 artas3
1425 958 1515 1014 neque
1528 960 1580 1015 ego
1594 939 1744 1002 obscuram
1762 962 1831 1020 syu-

173 1036 268 1101 taxiu,
285 1033 487 1092 translationes
500 1031 638 1099 exoticas,
658 1029 808 1101 impierum
824 1030 941 1102 stylum,
955 1032 1126 1099 crebrasque
1136 1031 1319 1100 repetitiones
1336 1031 1524 1101 eloquentiam
1542 1033 1691 1103 appellem.
1717 1032 1832 1091 lerciu-

173 1140 240 1180 uem
256 1122 356 1180 enisus
366 1137 429 1178 sum
444 1120 532 1177 textui
546 1121 740 1185 inhaerentem,
752 1118 795 1172 rel
807 1117 968 1173 Latinitatis
988 1118 1110 1188 jactura,
1128 1117 1204 1189 quod
1219 1119 1336 1173 materia
1349 1118 1477 1188 exigebat
1493 1136 1501 1173 r
1518 1122 1669 1190 aliquando
1685 1126 1832 1186 tumemus

173 1227 277 1269 scissus
297 1210 567 1283 aliquiseliceretur,
580 1223 615 1265 ex
631 1207 762 1265 Leoninee
779 1207 914 1263 dictionis
936 1205 1088 1262 involucris
1116 1200 1474 1284 paululum'erucrgeudum
1489 1207 1674 1268 baiulorum
1689 1211 1830 1283 iubulus-

174 1297 253 1354 modi
271 1298 455 1357 translatione
469 1298 601 1369 ignosces
619 1294 746 1381 quaedam
763 1294 883 1365 quilibet

755 1412 837 1464 Docte
847 1423 982 1463 sermones
994 1411 1124 1473 utriusque
1135 1407 1239 1473 linguate.

980 1471 1056 1535 (ilos.
1067 1471 1086 1523 l.
1098 1487 1134 1531 ur,
1145 1480 1187 1522 ot.
1198 1472 1236 1535 8.)

212 1605 361 1678 singulare
374 1601 575 1675 proportionum
592 1608 647 1668 est,
662 1599 737 1673 quod
753 1618 769 1657 e
788 1600 919 1657 learrnate
936 1599 1052 1656 deciana
1073 1589 1179 1670 quintae
1193 1603 1315 1677 orationi
1345 1602 1457 1674 praelixa
1479 1602 1576 1669 didici,
1600 1604 1663 1659 illas
1678 1619 1778 1676 nempe
1793 1605 1831 1662 ab

174 1692 392 1766 imperatoread
407 1689 539 1761 populum
552 1690 663 1745 liabitas
686 1689 716 1744 in
733 1689 854 1767 ecclesia
878 1688 978 1744 luisse.
1012 1688 1171 1760 Ὀκιωδρίφ
1188 1697 1227 1757 5¹,
1241 1692 1321 1762 λόγος
1349 1697 1391 1749 ιε’.
1413 1692 1530 1755 Λέοντος
1545 1696 1575 1745 ιν
1589 1693 1701 1765 Χριστῷ
1718 1693 1826 1765 deesses

175 1781 284 1854 αίωνίιρ
300 1777 435 1852 βασιλέως
453 1776 567 1849 Ὁμιλία
581 1775 617 1831 δι’
634 1776 820 1848 ὑιιογραρέως
836 1776 1058 1847 temperarem
1087 1778 1128 1848 τῷ
1156 1776 1314 1850 >rudibundi
1332 1779 1493 1852 αὐτῷναῷ,
1521 1780 1595 1836 κατὰ
1616 1779 1667 1852 τὴν
1686 1783 1765 1851 ἱερὰν
1779 1781 1831 1852 τῆς

173 1868 347 1932 τελειώσεως
364 1863 413 1920 τοῦ
428 1863 503 1918 θείου
518 1861 642 1935 μαθητοῦ
652 1863 772 1937 ἡμέραν,
787 1863 838 1930 τῆς
852 1862 999 1934 βασιλικῆς
1010 1865 1163 1934 παρουσίας
1174 1865 1347 1939 κωλυδιίσρς
1362 1868 1406 1921 διά
1419 1884 1497 1931 τινας
1509 1867 1684 1940 πραγμάτων
1695 1868 1831 1939 ἀσχόλους

172 1956 365 2016 &vitiabitu-
382 1954 431 2009 ⁰¹⁴0
442 1952 567 2009 Ossibbrt't
582 1950 612 2016 6.
627 1967 715 2007 termo
727 1950 773 2017 15,
789 1948 889 2007 marris
907 1951 936 2005 iu
954 1948 1064 2007 Cbristo
1080 1963 1179 2008 eterno
1194 1970 1254 2026 repe
1270 1957 1340 2025 repis
1354 1956 1454 2021 cretio,
1476 1957 1621 2019 unctoria
1639 1956 1669 2009 ia
1683 1956 1780 2027 templa
1794 1956 1831 2010 cd

171 2050 305 2120 populum
320 2045 447 2109 recitata,
477 2058 539 2097 eune
552 2040 638 2096 diuini
660 2040 789 2113 discipuli
806 2038 942 2110 (Thomas)
960 2038 1049 2095 exitus
1077 2040 1268 2107 celebraretur,
1281 2042 1314 2097 ob
1328 2042 1449 2105 sollicita
1471 2043 1596 2113 quedam
1615 2045 1722 2114 negotiu
1753 2044 1829 2115 regie

172 2134 321 2209 praeseutia
336 2132 475 2201 impedita.
493 2128 557 2201 lpso
572 2128 654 2184 initia
672 2136 791 2184 excusat
801 2141 844 2195 se,
864 2126 940 2199 quod
963 2126 1063 2185 adesse
1075 2130 1216 2201 nequiret,
1240 2146 1398 2189 sermonem
1412 2139 1505 2189 menen
1519 2148 1601 2189 auum
1618 2132 1732 2189 minime
1748 2133 1831 2188 abiss-

173 2235 271 2279 turum
287 2219 440 2294 sporadens.
456 2217 553 2275 Sancti
563 2215 677 2273 Tboma
691 2223 776 2286 caput
787 2230 821 2272 eo
837 2215 940 2287 templo
951 2224 1019 2272 tunc
1031 2217 1209 2274 reconditum
1223 2228 1361 2287 memorat
1372 2238 1382 2289 ι
1394 2220 1572 2292 alterumque
1586 2221 1676 2277 eidem
1691 2221 1830 2285 dicatum,

175 2310 253 2385 quod
262 2309 346 2381 paulo
360 2315 427 2362 ante
437 2304 629 2377 deflagrasset,
647 2302 812 2372 irreligiosis
820 2303 981 2361 bominibus
995 2321 1139 2363 sacrarum
1154 2308 1254 2364 adium
1263 2310 1398 2366 rationem
1407 2309 1830 2380 mininiebabentibusimputat.

210 2397 280 2466 Qua
290 2396 319 2452 iu
339 2395 405 2450 illie
417 2393 489 2451 lectu
504 2391 685 2465 pronuntiata
698 2389 762 2456 luit,
780 2387 872 2443 Ellam
886 2404 1063 2465 nequaquam
1075 2396 1211 2461 celebrat,
1228 2404 1259 2451 ut
1274 2397 1360 2469 aliqui
1374 2398 1526 2470 scripsere,
1539 2398 1589 2454 sed
1607 2397 1709 2453 Leonis
1726 2394 1831 2467 gratia-

172 2502 238 2543 rum
254 2487 393 2542 actionem
411 2484 549 2545 continet,
564 2477 684 2551 quodea
697 2477 790 2533 dicad
804 2478 858 2534 sibi
881 2478 1079 2551 ignoscendum
1090 2484 1192 2539 stamini
1209 2481 1338 2539 Numinis
1348 2485 1498 2540 clementia
1525 2483 1636 2540 Patrem
1659 2483 1805 2554 impulerit
1821 2501 1829 2539 ι

172 2574 306 2645 Τδνγάρ,
322 2571 425 2643 iuquit,
444 2568 495 2641 οθχ
510 2566 582 2632 ἑνδς,
595 2566 665 2622 ἀλλὰ
681 2564 788 2639 μυρίων
802 2564 928 2620 θανάτων
941 2567 1084 2634 δαίδικον,
1108 2569 1155 2625 τὸν
1179 2572 1211 2625 ab
1227 2573 1348 2644 φρουρᾷ,
1369 2571 1440 2627 ἀλλὰ
1459 2570 1584 2644 χάσματι
1598 2572 1652 2642 γῆς
1664 2571 1780 2635 δικαέως
1795 2570 1831 2625 δν

172 2662 426 2743 maestissimus,
440 2658 528 2714 ἐσωσι
543 2657 592 2712 τοῦ
605 2654 738 2723 θανάτου,
749 2646 889 2731 ἐρρύσατο
912 2656 968 2712 τῶν
981 2655 1127 2716 κινδύνων.
1150 2657 1274 2734 Ἱλάρυνι
1303 2659 1422 2731 καρδίαν
1439 2658 1544 2731 πατρὸς
1560 2660 1575 2713 δ
1589 2658 1646 2714 τῶν
1673 2657 1832 2730 οἰκτιρμῶν
1854 2694 1855 2697 ¹

174 2750 287 2825 Πατὴρ,
302 2749 352 2823 τῆς
370 2746 445 2819 ἐμῆς
457 2742 633 2817 ἀκαθαρσίας
649 2742 681 2797 ab
694 2738 792 2812 αἶσχος
806 2744 898 2816 etseq
914 2745 1038 2819 μσρίμνρ
1060 2747 1264 2822 σιριγαθθρας.
1287 2746 1332 2804 tte
1344 2750 1427 2830 euim,
1437 2750 1484 2821 qui
1500 2766 1554 2805 nort
1568 2764 1665 2814 unum,
1693 2746 1740 2802 sed
1754 2746 1831 2801 mille

172 2840 311 2913 supplicio
319 2836 468 2909 promerui,
484 2835 530 2907 qui
540 2849 593 2889 nou
606 2832 644 2888 ud
656 2848 793 2888 carcerem
810 2832 992 2899 damnandus,
1009 2835 1055 2891 red
1072 2835 1100 2889 in
1115 2839 1359 2908 terroeuurapinem
1371 2836 1554 2908 prajiciendus
1567 2853 1654 2905 erent,
1670 2834 1703 2892 ab
1716 2835 1831 2890 interitu

172 2928 312 2994 liberarit,
324 2924 452 2997 perictdis
463 2922 575 2994 eripuit.
598 2920 689 2977 Putris
702 2936 752 2978 eor
765 2920 929 2976 ealriiararit
944 2922 1194 2979 misericordiarum
1211 2924 1306 2992 Pater,
1330 2927 1458 2995 probrum
1474 2924 1641 2996 impuritatis
1656 2939 1723 2979 mere
1750 2938 1831 2994 opera

173 3034 228 3074 ssu
242 3030 404 3088 repurgans.
420 3010 528 3080 Quibus
546 3009 641 3067 uerbis
653 3008 784 3066 ridemur
794 3009 900 3078 doceri,
919 3026 975 3067 non
990 3012 1027 3069 ob
1050 3013 1215 3072 deiectionis
1229 3014 1433 3086 suspicionem,
1449 3023 1480 3071 ut
1495 3015 1638 3071 historicis
1649 3019 1753 3086 placet,
1779 3013 1829 3068 sed

173 3106 213 3161 ⁰¹¹
225 3104 351 3160 ίίίθῑίθθθ
366 3113 461 3157 mores
472 3099 593 3154 Leomm
614 3094 644 3151 ¹¹¹
669 3093 828 3152 ⁰⁰⁸i⁰di²¹¹¹
852 3095 1018 3168 deiru-‘butt
1032 3113 1060 3160 at
1076 3117 1140 3158 cum
1155 3102 1361 3175 nr'etapborieas
1377 3104 1534 3160 locutiones
1556 3102 1635 3158 uelde
1655 3110 1739 3167 aruet,
1757 3101 1831 3158 nibil

173 3194 250 3253 certi
265 3191 329 3249 erui
343 3196 447 3262 potest.
471 3184 723 3258 vigesimaqulnta
751 3184 890 3272 iambicis¹
912 3191 1041 3249 uersibus
1066 3201 1188 3260 consui,
1210 3203 1238 3251 et
1252 3193 1390 3267 praecipue
1415 3194 1507 3250 sancti
1523 3191 1675 3255 Clementis
1688 3191 1831 3265 Ancyrani

171 3281 302 3358 episcopi
317 3279 371 3339 sub
384 3277 541 3335 iiaximino
555 3274 721 3349 martyrium
733 3274 878 3331 describit.

487 3463 598 3521 ΛΟΓΟΣ
612 3461 663 3519 lu.
989 3467 1014 3523 Α
1314 3459 1448 3517 obtuto
1467 3459 1540 3519 lttll.

171 3562 308 3629 Δδοηος
331 3560 371 3616 tir·
393 3556 512 3628 Χριστῷ
527 3556 658 3622 ,Βασιλεῖ
674 3554 786 3620 stuata
810 3551 974 3631 βασιλέως,
1028 3547 1127 3633 honis
1147 3550 1174 3605 ia
1191 3547 1299 3632 Cleristo
1314 3561 1413 3605 erano
1431 3562 1491 3619 repe
1504 3552 1574 3622 'repis
1588 3552 1677 3606 oratio
1691 3551 1730 3623 (α)
1744 3528 1774 3608 in
1784 3554 1829 3609 di-

208 3635 306 3704 ,idque
318 3635 366 3697 sic
379 3631 414 3684 td
429 3630 612 3696 σύνθρονον.
625 3628 661 3682 τὸ
674 3625 745 3696 παρ’
760 3621 798 3682 οὗ
818 3623 869 3679 καὶ
885 3622 924 3680 δι’
937 3619 975 3680 οὗ
1063 3637 1155 3704 uanum
1174 3618 1305 3701 Sprruunt
1330 3621 1532 3687 consedentem,
1551 3621 1597 3689 qui
1616 3621 1650 3675 ab
1663 3622 1721 3692 ipro
1741 3632 1767 3677 et
1782 3641 1830 3688 per

209 3699 446 3773 ααταροιτῆσαν
477 3697 712 3779 abradere-adsue
739 3694 884 3777 ααρδσχο
917 3693 977 3761 τὴν
1063 3692 1469 3773 spsumproprsapuesrareqt)
1487 3690 1660 3761 descendens,
1676 3693 1828 3750 bominibus

208 3767 563 3840 audacioremque,
577 3774 658 3825 deror
672 3770 807 3836 Πνευμα.
1065 3761 1236 3830 adoptionem
1250 3760 1375 3831 praebuet.
1553 3784 1555 3788 ⁸

209 3867 269 3939 'bqr
294 3866 346 3938 μὲν
373 3863 421 3919 abu
439 3860 506 3936 χθὲς
521 3860 610 3916 iacies
628 3860 785 3931 πανήγυριν
804 3854 976 3928 ὲπιδημῶνδ
1065 3850 1230 3908 llestemam
1252 3850 1379 3924 proiecto
1396 3852 1601 3908 solemnitatem
1622 3853 1773 3911 adueniens
1788 3853 1828 3927 ii)

174 3957 369 4032 liupdsbqaue,
381 3942 429 4010 νἰαλ
453 3952 573 4026 φαιδρὰν
587 3953 655 4024 ἡμῖν
676 3953 728 4023 τὴν
746 3949 857 4022 ἡμέραν
875 3946 975 4016 τελῶν,
1030 3945 1158 4018 periecit,
1174 3945 1348 4019 hilaremque
1365 3945 1447 4002 nobis
1466 3944 1588 4001 reddidit
1599 3944 1692 4014 diem,
1708 3948 1827 4004 manile·

174 4055 206 4108 iu
218 4050 258 4124 τῷ
269 4049 395 4122 κομίζειν
407 4049 458 4119 τῆς
469 4045 539 4119 πρὸς
560 4044 628 4099 debu
641 4045 688 4100 καί
709 4042 821 4114 Πατέρα
835 4039 975 4097 aureliis·
1028 4048 1100 4093 staro
1117 4035 1290 4091 reconciliati
1305 4035 1452 4092 uobiscum
1473 4033 1522 4091 Dei
1537 4034 1627 4091 Patris
1643 4036 1826 4107 signillcatio·

175 4143 231 4216 γῆς
258 4141 377 4215 φαιδρὰν
409 4140 460 4213 τὴν
488 4135 644 4204 ἀπόδειξιν·
667 4136 791 4207 σήμερον
818 4134 901 4207 ἡμεῖς
925 4132 976 4203 τὴν
1030 4139 1093 4180 uem
1119 4122 1249 4179 aderens.
1264 4121 1352 4181 iiorlie
1374 4137 1440 4178 vera
1455 4137 1508 4180 nos
1523 4122 1589 4195 ipsi,
1605 4132 1737 4196 tanquam
1759 4128 1827 4182 reii-

174 4236 334 4309 πανήγυριν
355 4231 554 4309 ,συνιστῶμιῆ
585 4228 714 4301 καθάπερ
731 4224 869 4297 λειψάνων
892 4227 976 4280 τινῶν
1029 4218 1104 4290 quiis
1125 4217 1248 4273 hesterni
1272 4216 1394 4273 corrriuii
1419 4215 1557 4283 collectis,
1573 4216 1676 4298 festum
1694 4219 1829 4303 institui·

174 4328 228 4400 τῆς
237 4326 367 4401 χθεσινῆς
383 4325 461 4399 ἱερᾶς
471 4323 570 4397 ἡδονῆς
579 4317 855 4385 amicissimum
869 4317 984 4384 ἐκεῖνος·
1029 4331 1103 4373 mus.
1115 4314 1165 4370 iiie
1177 4312 1318 4384 praeterita
1328 4310 1375 4367 ille
1384 4325 1436 4366 nos
1450 4309 1599 4381 praeseutia
1609 4310 1752 4369 decorarit
1763 4327 1827 4381 sua,

943 4428 1067 4495 NOTAE.

212 4539 253 4622 (α)
274 4533 459 4615 beatissimus
473 4531 519 4587 uir
531 4528 625 4614 Scipio
640 4526 732 4611 iladei
744 4527 817 4582 banc
833 4523 975 4607 bumiliam
1032 4504 1158 4611 l‘lsotiani
1176 4520 1266 4607 adacti
1277 4517 1432 4575 arraudum
1446 4516 1528 4574 Pater
1538 4519 1633 4600 mittit,
1645 4528 1702 4575 tum
1716 4519 1822 4605 Filius.

175 4611 282 4673 aidus,
297 4608 351 4661 boe
372 4604 453 4658 titulo
469 4618 478 4657 a
495 4598 745 4684 Manrasaprsatrs
762 4593 884 4650 ilonuira
905 4609 976 4648 nuuc
1033 4597 1083 4652 'dr
1110 4599 1166 4664 ιγω
1183 4591 1294 4682 ναεμιῖνω
1311 4592 1384 4712 dmi
1405 4593 1483 4687 παρὰ
1505 4608 1554 4644 του
1575 4591 1707 4662 ildiris&
1725 4594 1828 4675 exinde

175 4661 976 4814 ιιιιιιιιιιιιιιιιιιιιιι
1030 4661 1311 4812 aeraria
1326 4660 1458 4811 ιιι
1471 4660 1863 4812 liberareque·

176 4821 278 4881 codiee
300 4815 493 4885 urauuacripto
506 4827 563 4884 quo
580 4809 765 4887 doctissimus
778 4807 822 4888 uir
836 4807 909 4861 ltauc
927 4805 977 4886 bo-
1028 4808 1075 4876 ior
1088 4818 1142 4867 ιιι.
1156 4806 1241 4872 atqui
1262 4818 1291 4855 ιιι
1306 4800 1410 4879 diurnas
1426 4802 1503 4853 rudia
1517 4802 1572 4855 alra
1587 4802 1696 4882 ratione
1708 4815 1826 4867 persona

175 4892 285 4950 tulliam
299 4884 460 4957 exscripsit,
482 4881 595 4938 bomilia
620 4880 680 4936 baec
705 4877 865 4933 immediate
881 4889 976 4942 sequt-
1032 4876 1148 4947 intelligi
1163 4880 1256 4943 potest
1274 4884 1364 4937 artarer
1379 4869 1477 4950 altera,
1490 4885 1573 4939 quem
1591 4885 1716 4942 orrgroe;
1731 4886 1828 4943 ergaa

175 4968 224 5021 ω,
239 4973 313 5021 eam,
324 4969 407 5037 quam
421 4954 468 5008 bic
482 4952 646 5008 duodecimo
658 4949 722 5004 loco
733 4948 882 5029 edidimus.
897 4941 976 4998 Eure.
992 4944 1015 5000 B
1032 4945 1114 5001 i'atre
1128 4945 1224 5027 simul,
1239 4952 1267 4997 et
1284 4939 1386 5065 iimo
1401 4938 1523 5021 Spiritus
1538 4940 1673 5011 originem
1686 4940 1774 5023 ducit.
1790 4941 1829 5024 llt

176 5028 392 5168 ,ram
406 5015 978 5166 ιιιιιιιιιιιις
1026 5024 1185 5142 :qne
1198 5009 1828 5161 ιιιιιιιιιιιιιιι

176 5175 320 5233 &sedam
338 5164 525 5223 schismatirae
540 5165 685 5219 sententiae
702 5159 793 5214 tabem
811 5156 977 5237 subodorari
1025 5158 1244 5234 excogitarunt:
1260 5165 1385 5208 errorent
1428 5165 1474 5203 usu
1499 5151 1651 5219 decimant,
1667 5160 1698 5207 ut
1721 5165 1772 5223 per
1798 5168 1829 5208 se

175 5247 235 5320 lam
253 5238 444 5298 ticent‘osser
462 5234 575 5307 quidem
601 5241 631 5288 et
654 5230 796 5299 inculpate
812 5224 976 5309 accipi3rel
1025 5236 1112 5298 patet,
1130 5228 1344 5295 ingemurantes.
1426 5291 1432 5305 α
1471 5292 1478 5305 ο
1742 5295 1747 5303 ,

177 5298 751 5386 ruodseruiliternonmittatur,relquod
763 5302 890 5380 beurunes
902 5295 977 5350 uelut
1063 5298 1101 5380 (a)
1120 5299 1291 5352 Hesternum.
1311 5291 1447 5374 Praecedit
1470 5308 1499 5346 ιιι
1525 5307 1596 5348 mss.
1616 5306 1782 5374 panegyrica
1798 5293 1828 5346 in

178 5357 256 5441 daus
268 5380 392 5449 adoptet,
407 5376 473 5430 dunt
489 5382 608 5430 mittitur
621 5391 629 5427 ι
647 5378 697 5426 seu
713 5378 769 5425 usta
785 5382 848 5423 caru
864 5381 978 5436 umqum
1027 5368 1164 5439 Spiritum
1179 5375 1307 5422 saucium
1321 5372 1423 5423 aratro.
1435 5366 1508 5433 apud
1527 5362 1722 5419 Conrbeilsrum
1741 5377 1826 5422 saorra,

177 5454 283 5513 deiude
296 5452 326 5506 in
341 5447 469 5503 oratione
487 5445 628 5506 dicuntur,
646 5437 879 5508 componentibus
893 5450 979 5508 appa·
1026 5441 1072 5495 die
1096 5439 1273 5517 Pentecostes
1298 5433 1444 5489 buusimco
1470 5433 1598 5515 recitata.
1612 5431 1826 5514 Soleurrsitatem

179 5525 266 5592 nebit,
282 5515 423 5578 iusiuuari
436 5517 493 5586 jam
506 5529 523 5569 a
536 5512 640 5578 Leone,
655 5510 790 5583 Spiritum
805 5516 934 5565 sanctum
949 5515 978 5561 et
1027 5511 1100 5564 liano
1115 5507 1188 5563 binis
1203 5507 1302 5560 diebus
1314 5503 1465 5560 absolvunt
1479 5502 1585 5570 ureae
1608 5506 1677 5574 quin
1700 5504 1762 5557 sires
1783 5503 1827 5557 al·

179 5614 197 5651 ι
214 5609 247 5653 se
265 5593 327 5665 ipso
342 5586 425 5643 mitti.
441 5587 471 5641 lu
480 5599 564 5655 quam
576 5583 727 5664 absurdam
740 5579 903 5660 latitansque
914 5592 979 5631 sen·
1026 5590 1101 5662 tera,
1111 5592 1166 5648 qua
1179 5590 1302 5647 praeseus
1315 5575 1430 5657 boarrilia
1444 5575 1613 5656 babitaest,
1628 5582 1769 5657 precepto
1782 5574 1830 5628 ia·

180 5665 309 5728 tentiam,
327 5669 459 5726 tanquam
475 5657 504 5711 iu
524 5660 747 5710 eotrrmeutmum
765 5664 799 5705 ac
817 5663 902 5704 titane
916 5662 979 5717 per·
1025 5660 1151 5723 quagttur
1166 5648 1254 5715 nullo,
1267 5646 1317 5704 sed
1332 5659 1442 5717 prorum
1453 5644 1762 5717 arbstrso'reiruquttur.

182 5736 290 5807 legium
301 5728 440 5804 quoddam
454 5726 490 5784 ab
503 5726 557 5783 boc
577 5724 801 5781 orthodoxorum
815 5723 979 5791 arguoseuto
