4182 6436
262 371 317 435 20⁸1
857 366 995 429 uuouts
1013 364 1241 431 rutuosoaut
1849 357 1908 425 ἰθύ

262 483 354 554 ipsum
369 498 405 540 ne
420 497 454 540 ea
468 491 560 538 tumen
571 480 707 555 religione
720 488 800 539 curet
813 485 894 555 qussi
908 484 1052 540 encomio·
1068 488 1092 555 A
1104 482 1153 537 τοῦ
1169 482 1266 547 παιδδς
1276 479 1356 548 ἀξίας
1371 478 1475 536 τιδίντι
1488 478 1554 545 τοῦς
1573 476 1684 553 γονίας.
1695 474 1907 549 Κεγαριεχιίνον

263 590 326 633 rum
340 575 427 646 tegern
442 588 504 630 saur
520 574 614 647 magni
633 574 749 637 luderis.
778 590 840 647 (puae
869 576 896 632 id
922 591 1008 648 agens
1022 585 1054 632 ut
1107 574 1163 645 γὰρ
1176 574 1208 643 δή
1225 590 1277 627 που
1292 574 1341 629 καί
1355 572 1448 637 αύτοίς
1472 572 1553 627 τοῦτο
1573 572 1684 634 πάντως
1705 568 1754 624 καί
1777 567 1909 624 τοσοῦτον

262 665 380 737 οιιγοιιύί
396 673 472 721 recte
488 662 562 720 iacta
585 663 780 722 laudatoribus
793 665 968 721 occasionem
984 682 1055 735 prae·
1107 665 1223 730 ίκτίνυις
1234 665 1317 735 piper
1332 664 1469 736 λπιδήιιην
1491 664 1533 728 είς
1560 661 1676 734 respon,
1696 660 1761 716 ῦσον
1777 658 1909 731 δφαιρτίν

262 755 328 815 λιταί
352 753 418 811 inde
445 768 495 811 eos
524 753 663 825 auspicari
679 754 769 825 iubet.
796 751 833 811 Ut
846 756 920 811 euim
936 757 1058 812 marinre
1107 756 1181 822 ίδοξο
1196 757 1245 825 τῆς
1261 755 1399 829 ἰσοτιμίας
1412 756 1460 811 τοῦ
1479 756 1510 824 te
1535 754 1628 811 αὐτῶν
1643 753 1810 825 πεφυκότος.
1822 751 1909 807 'um

263 848 408 905 mirabiles
427 854 556 919 parentes
589 846 672 916 burins
698 847 813 910 luerint,
838 860 934 903 eorum
962 854 1057 901 tamnu
1108 845 1227 902 ἐνταῦθα
1243 846 1345 918 μᾶλλον
1357 838 1492 919 (optans
1510 846 1607 917 ιιίρδος
1618 841 1774 917 προξινιίίχ
1788 841 1908 915 αραίρι·

264 948 489 1012 quurrtaecunque
503 928 715 1010 participatione
731 938 827 1009 gloriae
842 936 889 993 titii
912 953 967 994 nou
982 937 1057 993 indi·
1108 954 1163 1003 τις,
1180 936 1276 1011 ὥσπερ
1299 938 1444 1010 ποταμίων
1473 936 1619 1009 ῥευμάτιον
1632 938 1663 991 δν
1674 931 1770 1004 οιύιιλιρ
1788 931 1910 1001 ῥεδντων

263 1039 309 1104 γει
344 1029 479 1087 memoria
510 1044 567 1086 nnn
595 1028 686 1101 magia
716 1042 800 1100 quam
837 1028 948 1085 nativus
973 1028 1059 1084 decor
1112 1033 1162 1088 aret
1176 1032 1406 1106 προχωρούντων
1434 1035 1475 1098 είς
1499 1032 1614 1102 δλληλα,
1635 1031 1667 1087 τδ
1686 1031 1754 1106 παρ’
1770 1029 1908 1101 ίκατίρου

265 1122 357 1178 alieno
372 1120 437 1178 tucn
456 1135 489 1177 ac
505 1120 681 1188 emendicato
707 1119 777 1178 dore
803 1120 900 1192 gratioe
915 1119 1061 1178 medicatae
1111 1120 1317 1195 ἀφαιρούμενον
1349 1123 1431 1178 πάλιν
1458 1121 1605 1195 προσθήκη
1634 1121 1743 1192 γίνεται
1763 1116 1804 1193 τῷ
1822 1115 1910 1174 deio-

264 1211 1064 1290 artittclomangonicndieqnereroplenosoleootlnstta·
1115 1215 1188 1271 adas.

263 1314 292 1361 ta
309 1305 369 1363 dies
384 1305 543 1363 serenitatis
557 1304 855 1377 accessioncmqncrit
883 1312 915 1360 ut
942 1304 1031 1378 rnapis
1065 1319 1146 1363 rosea
1162 1306 1249 1364 niteat
1275 1305 1356 1363 iacie.
1376 1305 1480 1364 tiorum
1498 1305 1553 1362 boc
1574 1315 1690 1371 eatenus
1731 1309 1903 1361 memoretur

263 1398 353 1453 toturn
377 1407 410 1455 ut
439 1398 656 1465 demonstretur,
679 1406 804 1455 nostrum
821 1397 907 1462 bunc,
927 1395 976 1469 qui
1001 1404 1134 1470 tauquam
1161 1398 1363 1456 termimum
1391 1412 1408 1454 a
1440 1398 1603 1470 parentibus
1635 1396 1765 1452 uirtutem
1783 1390 1911 1465 accepis·

264 1499 318 1557 set,
335 1502 510 1560 nequaquam
528 1504 562 1546 eo
590 1489 667 1546 vetut
686 1488 852 1563 patrimonio
874 1498 1046 1557 contentum,
1084 1493 1112 1548 in
1143 1494 1325 1565 expressione
1351 1490 1566 1549 domesticorum
1601 1489 1789 1562 exemplorum
1816 1484 1911 1543 laudis

264 1579 495 1653 acquiescendum
514 1581 567 1639 sibi
588 1582 719 1640 suanisse
740 1583 911 1656 (quanquam
931 1592 1036 1655 quauta
1053 1585 1101 1643 itta
1117 1587 1266 1659 qualiaque
1296 1584 1415 1658 cranii),
1432 1600 1527 1642 rerum
1560 1584 1595 1640 ad
1608 1591 1687 1641 tauto
1715 1579 1911 1655 praestantiora

264 1673 389 1734 iocinora
402 1674 754 1749 suscipiendagoneroourn
793 1675 878 1735 animi
909 1677 1081 1751 propositum
1100 1680 1242 1743 excitavit.
1275 1680 1368 1753 qualia
1391 1677 1522 1737 nimirum
1547 1686 1763 1735 cousentaneum
1774 1681 1910 1732 erasmo·

265 1769 310 1824 tiri
325 1782 388 1825 eum
406 1767 455 1841 qui
480 1783 512 1826 se
528 1769 669 1825 coetesteru
684 1782 800 1839 prorsus
817 1771 852 1829 ad
869 1771 934 1830 ritae
956 1782 1062 1832 sectam
1081 1788 1114 1831 ac
1142 1775 1276 1831 rationem
1301 1771 1500 1830 transtulisset.
1530 1768 1618 1828 Neruo
1651 1783 1736 1843 porro
1757 1764 1910 1839 τοσσοῦτον·

265 1860 382 1917 dendarn
401 1858 555 1918 orationem
570 1874 659 1917 meum
677 1861 837 1934 putetqood
853 1876 886 1921 ea
912 1863 1066 1921 secundum
1085 1879 1101 1920 a
1117 1864 1173 1922 tilio
1198 1863 1339 1937 dignitatis
1369 1863 1460 1920 locum
1485 1862 1645 1935 parentibus
1676 1860 1820 1917 attribuat.
1852 1854 1912 1914 to-

267 1954 389 2012 tentibus
411 1969 480 2021 saue
503 1954 571 2026 ipsis
599 1970 633 2011 ac
656 1955 815 2016 lubentibus
845 1958 980 2016 acciderit
1001 1958 1055 2016 boc
1073 1958 1183 2030 quidem
1216 1959 1349 2031 equippe
1368 1958 1435 2015 btnc
1461 1965 1538 2013 tauto
1558 1956 1685 2015 uberiore
1702 1955 1732 2014 lu
1747 1964 1816 2013 eos‘
1837 1967 1911 2012 rere

265 2047 361 2117 pluris
374 2048 535 2106 accessione
551 2048 739 2106 redundatura
753 2060 888 2123 quantum
914 2052 975 2124 ipsa
1007 2052 1179 2124 comparatio
1207 2051 1349 2125 dignitatis
1388 2049 1527 2108 ademisse
1552 2047 1714 2121 postpositis
1752 2046 1909 2107 ridebatur.

265 2138 335 2195 liam
353 2139 399 2196 bic
417 2139 618 2212 quidemquod
638 2140 762 2198 auturtur
778 2157 833 2200 uon
866 2145 969 2202 damno
984 2144 1071 2217 magis
1088 2144 1275 2216 deputandum
1298 2158 1381 2217 quam
1412 2142 1490 2200 lucro
1515 2150 1569 2209 est,
1585 2149 1615 2196 nt
1631 2138 1765 2198 linriisin
1796 2155 1829 2197 se
1859 2154 1911 2213 per

265 2231 562 2300 nrbemrettueutibus,
590 2248 706 2306 seseque
728 2235 929 2309 excipientibus
948 2246 1044 2295 mutuo
1080 2254 1129 2309 per
1159 2239 1244 2308 uices,
1267 2237 1341 2310 quod
1377 2236 1510 2294 adimitur
1534 2235 1668 2292 contiuuo
1696 2231 1855 2291 inunum
1881 2234 1909 2293 ei

266 2324 452 2396 quidederat.
1450 2352 1454 2358 .

302 2413 376 2486 Ergo
402 2413 451 2485 qui
477 2414 545 2472 buic
571 2422 667 2474 nostro
683 2414 902 2491 increparentur
917 2420 946 2478 iu
962 2421 1060 2492 primis
1077 2426 1098 2481 Β
1152 2418 1235 2475 ’lits
1250 2417 1306 2488 γδρ
1321 2410 1702 2487 aucmentandum
1715 2411 1910 2484 spumarum·
1932 2444 1942 2455 ·

266 2503 402 2569 illustres,
418 2504 528 2566 tumiis
543 2508 717 2566 ornamentis
738 2525 801 2582 quae
814 2510 914 2571 decent
929 2527 1059 2585 corpora,
1111 2510 1235 2581 peretur,
1267 2509 1318 2581 iau
1344 2524 1375 2562 ἲν
1395 2505 1532 2576 atatem
1547 2504 1596 2559 καὶ
1623 2504 1694 2575 titi&
1715 2503 1766 2576 τῆς
1789 2502 1908 2558 ieelim

266 2609 388 2666 cumque
402 2598 568 2668 corporibus
582 2611 797 2671 consumuntur,
815 2611 874 2661 turn
890 2604 926 2661 iis
950 2622 1061 2679 quoque
1111 2605 1295 2678 συναπολήγτι
1311 2603 1428 2667 λύσιως.
1446 2602 1495 2656 καί
1516 2601 1568 2671 torp
1589 2598 1630 2672 τῷ
1645 2601 1755 2672 μένοντι
1770 2597 1821 2671 βίω
1834 2613 1909 2670 συμ-

266 2702 330 2759 quae
356 2688 534 2759 sempiterne
569 2693 632 2750 risa
663 2692 810 2753 duratione
827 2697 944 2769 aqualia
966 2708 1058 2756 sunt:
1111 2695 1325 2768 παρατείνιται·
1351 2688 1440 2770 ‚dxci
1467 2691 1569 2765 μᾶλλον
1593 2691 1803 2762 νῦννννὸίδῑννν
1826 2688 1907 2762 Μίᾶ

267 2792 325 2849 uuo
355 2781 504 2851 posteriori
531 2798 635 2855 genere
658 2785 834 2857 potissimum
849 2789 969 2847 nitentes
983 2792 1061 2863 prius
1111 2789 1215 2860 φαῦλον
1233 2788 1283 2859 τὴν
1297 2787 1396 2861 tripes
1406 2785 1536 2842 δτίδσντο.
1546 2784 1596 2840 διδ
1606 2781 1687 2841 τοῦτο
1698 2782 1746 2839 aui
1758 2781 1909 2839 πολιτικῶν

265 2868 335 2928 lllud
353 2873 580 2932 contemnebant.
597 2876 690 2944 Quare
704 2880 800 2950 procut
823 2895 840 2937 a
866 2882 996 2940 civilibus
1010 2900 1062 2940 cu·
1110 2879 1256 2951 διατριδιῦν
1271 2877 1366 2952 ῦσπιρ
1375 2876 1512 2941 κλύδωνος
1526 2875 1910 2947 ίξωδιαδιοῦντιςδπραγγιο·

266 2960 307 3029 ris
324 2958 455 3033 uuquam
472 2963 656 3033 aprocettosn
683 2968 753 3025 mari
779 2968 919 3041 subducti,
936 2971 1061 3044 inportu
1112 2968 1181 3040 τύνῃ
1200 2966 1247 3023 τδν
1261 2965 1320 3040 βίον
1342 2965 1482 3022 λσίιλιυον.
1506 2965 1639 3021 &discit
1661 2981 1725 3020 τινα
1739 2964 1909 3036 προσθῶμεν

266 3050 351 3122 ύθδῑὶ
362 3054 412 3113 otii
424 3056 581 3127 tranquille
593 3058 658 3114 rite
671 3073 783 3117 cursum
799 3064 977 3133 peragebant.
996 3063 1062 3121 ioi-
1110 3061 1162 3132 τῆς
1171 3060 1286 3116 tactuum
1300 3058 1610 3133 δριτῆςγνωρίσματα;
1628 3057 1663 3113 'li
1672 3058 1699 3111 ri
1710 3074 1745 3130 ps
1756 3056 1798 3113 δεί
1810 3056 1908 3131 ιῦσπιρ

265 3143 304 3205 tir
316 3142 363 3200 btc
381 3156 554 3217 apponamus
567 3146 662 3220 aliqua
681 3149 797 3208 'uirtutis
809 3166 906 3210 cornus
920 3163 997 3211 certa
1009 3155 1061 3214 do·
1111 3152 1243 3224 λνοχλιίν,
1260 3151 1355 3226 ppetuu
1367 3151 1446 3216 δντος
1459 3149 1586 3206 ίντιῦδεν
1603 3147 1650 3205 τδν
1664 3148 1777 3203 tantuna
1792 3147 1906 3222 τρόπον,

191 3227 198 3269 ³
230 3308 233 3313 θ
266 3236 501 3305 ουοιουίυίουίδ
518 3253 584 3297 uero
598 3255 642 3298 me
658 3256 729 3313 opus
744 3251 789 3301 est
813 3243 849 3301 iis
867 3260 969 3304 cesare
983 3249 1063 3305 colii·
1110 3244 1426 3322 δσοίδςτιςῆνιιαντοίς
1436 3244 1904 3319 δλλοις,τῷπροαιρουριίνῳιιατα·

265 3326 374 3400 peuda,
396 3341 461 3392 curu
480 3329 602 3393 istorum
618 3347 711 3391 mores
725 3333 756 3390 in
770 3335 855 3392 rebus
878 3351 989 3408 quoqne
1005 3352 1061 3394 cae·
1113 3343 1279 3416 μαυῦάνιινς
1298 3342 1364 3412 θίγε
1386 3340 1533 3413 δυνάμενοι
1556 3340 1586 3395 δν
1605 3336 1719 3411 μεγαλῳ
1735 3337 1816 3411 pipat
1832 3336 1909 3410 βασι·

266 3421 334 3479 teris
348 3420 446 3494 quales
462 3421 566 3484 inerint
590 3439 626 3485 er
645 3425 720 3482 ultro
738 3424 848 3485 delecto
864 3429 928 3486 vitan
960 3445 1062 3502 genere
1111 3436 1186 3492 λείου
1202 3434 1284 3508 δδξης
1296 3431 1491 3507 γνωρίζεσθαι,
1512 3429 1676 3503 πράγματος
1695 3431 1764 3485 πᾶσι
1783 3445 1907 3502 παρομα-

266 3510 350 3576 tacite
372 3513 410 3572 sit
429 3514 594 3588 insculpere.
610 3514 718 3574 Etenim
735 3531 798 3574 cunr
814 3520 977 3591 spectabiles
992 3522 1061 3578 erni-
1111 3528 1208 3599 χγτου,
1227 3529 1252 3582 ot
1268 3526 1298 3581 δλ
1310 3524 1406 3598 ὥσπερ
1417 3539 1446 3578 τι
1458 3521 1631 3595 τῶνατίγιων
1642 3519 1715 3575 obruo
1725 3520 1907 3604 παρέδραμον

265 3619 334 3669 ποτε
346 3605 457 3678 possint
473 3622 510 3665 ex
525 3604 669 3666 iunctione
691 3609 786 3682 aliqua
803 3610 904 3669 illustri
919 3612 1060 3684 principa·
1111 3617 1189 3684 αῦτδ,
1211 3611 1426 3685 solempniaco
1452 3610 1629 3685 ἀρκούμενον,
1655 3610 1688 3665 νὺ
1714 3608 1783 3682 ept3
1805 3608 1906 3681 iteum

265 3695 303 3753 lis
317 3698 532 3769 procurationis,
544 3701 586 3757 rel
599 3700 689 3773 dignu
702 3702 784 3774 rotgo
797 3701 910 3761 credite
927 3719 978 3776 pro
1003 3721 1058 3777 qua
1112 3706 1304 3781 αποχρύνμινοι
1317 3707 1352 3778 τῇ
1367 3702 1523 3777 περιουσία,
1537 3701 1600 3757 οῦδὲ
1618 3701 1681 3767 τοῦς
1698 3698 1804 3756 tuatim
1819 3716 1907 3773 προσ·

265 3787 373 3846 taboris
387 3789 458 3846 nibil
472 3791 663 3850 contentionis
678 3804 834 3863 recusetur,
861 3795 889 3852 id
911 3796 951 3853 llti
967 3804 1058 3853 tannen
1072 3777 1095 3835 ὓ
1110 3798 1248 3871 aucupium
1263 3794 1458 3852 ίιπολαύστσιν.
1478 3792 1561 3849 ’Δλλδ
1569 3790 1673 3865 ταύτην
1687 3791 1774 3864 ρδνγν
1786 3786 1817 3847 cd
1834 3791 1907 3847 είδδ·

264 3880 450 3951 praesentibus
473 3882 610 3947 contenti,
634 3884 786 3943 ambitione
813 3885 928 3959 iusuper
953 3888 1058 3952 babila,
1109 3908 1156 3956 τις
1167 3888 1329 3956 ἀπόλαυσιν,
1348 3886 1375 3942 st
1386 3902 1430 3951 τις
1456 3885 1534 3940 ἀπίοι
1545 3887 1595 3956 τῆς
1609 3885 1683 3956 ζωῆς
1705 3880 1798 3939 meda
1812 3899 1906 3956 παρτ·

265 3985 383 4043 prorsus
407 3983 439 4030 ut
464 3987 525 4030 reru
555 3973 635 4036 nibtli
660 3977 968 4050 aerumnarumque
993 3996 1060 4039 sero
1111 3983 1219 4054 ρῦδιον,
1236 3977 1438 4055 arripuisset
1462 3978 1497 4051 δὴ
1512 3977 1633 4048 λδγεται,
1647 3977 1722 4050 pupi
1738 3977 1859 4049 διατίρρ
1873 3976 1905 4030 δν

265 4063 325 4129 stris
351 4063 439 4137 copiis
468 4065 504 4127 ad
540 4070 710 4142 uoluptatem
739 4070 945 4142 abutebantur3
969 4090 1060 4146 neque
1109 4079 1166 4141 τοίς
1195 4074 1253 4130 cuitu
1268 4073 1381 4146 ἀπύρων
1407 4070 1534 4142 ipserum
1548 4069 1595 4125 τδν
1614 4068 1742 4134 πλοῦτον,
1765 4067 1810 4124 διὰ
1825 4067 1905 4124 τοῦτο

265 4156 373 4219 delitiis
405 4152 524 4230 quorum
557 4161 622 4219 lude
655 4161 803 4220 affluebant
826 4165 1060 4236 opportunitates,
1111 4166 1246 4238 perusie
1262 4163 1484 4236 monsiestias
1511 4160 1652 4219 καὶταῦτα
1668 4159 1905 4233 διδδενδντιλαρ·

265 4250 491 4318 resolvebantur.
535 4253 591 4315 aed
627 4255 760 4326 praetore
796 4257 923 4328 persuasi
968 4258 1059 4316 sotum
1110 4258 1233 4324 dducam,
1256 4255 1352 4321 παιδδς
1376 4255 1547 4327 χρηματίσαι
1565 4252 1685 4325 πατέρας
1710 4250 1903 4325 αριίττονοςὴ

255 4338 338 4396 -Ιιυοσ
351 4329 414 4401 esse
450 4341 571 4405 babenu
604 4344 725 4403 tructuro
755 4348 779 4406 si
802 4347 866 4421 quis
889 4349 927 4406 tta
942 4365 1000 4410 rem
1016 4352 1060 4408 ri·
1110 4349 1182 4404 κατὰ
1198 4347 1299 4421 θνητὴν
1322 4345 1405 4418 φύσιν
1429 4344 1548 4420 sptium
1572 4343 1726 4415 ρίλλοντος.
1743 4341 1835 4399 ἀλλοι
1851 4341 1904 4414 ptr

264 4428 355 4497 ”⁰⁰40
384 4429 560 4504 demutaret
581 4444 613 4492 ut
634 4451 668 4501 ea
692 4436 794 4496 deinde
822 4441 992 4499 couscientia
1014 4457 1061 4500 so·
1109 4438 1157 4496 οῦν
1172 4439 1245 4511 μίγα
1268 4438 1354 4510 pipo<
1369 4435 1519 4509 τύκληρίας
1545 4432 1767 4506 ύπολαμύάνουσι
1791 4432 1905 4505 συχναῖς

265 4520 333 4577 tatio
362 4535 426 4580 csse
439 4525 568 4583 morienti
592 4536 696 4599 posset,
724 4531 909 4601 seminabant,
932 4541 963 4589 ut
988 4532 1061 4591 dici·
1109 4529 1376 4604 λιιτουργιίνὼδίσι,
1406 4527 1573 4601 πολυπαιδία
1589 4527 1742 4600 pauperem,
1764 4525 1860 4598 timii
1873 4525 1904 4579 ἓν

264 4620 452 4686 suumraquo
469 4631 553 4675 manu
578 4633 629 4689 per
656 4621 737 4680 sinus
758 4636 913 4696 pauperum
935 4622 1059 4692 diuitias,
1109 4625 1166 4687 τοῖς
1180 4621 1281 4687 ἄλλοις,
1297 4621 1371 4676 οῦτω
1390 4618 1532 4677 κδνταῦδα
1559 4620 1716 4690 τερπούσης
1736 4617 1836 4681 αῦτοῦς
1851 4616 1903 4688 τῆς

264 4703 339 4777 quod
355 4705 392 4762 ob
405 4707 534 4765 meritum
551 4720 651 4776 preter
665 4722 794 4770 wteram
811 4715 967 4773 claritatem
984 4716 1059 4773 illaru
1110 4717 1279 4785 πλεονεξίας.
1291 4716 1385 4789 Ἥρην
1395 4714 1418 4769 δ
1428 4717 1462 4771 δν
1474 4712 1555 4784 atris
1569 4713 1623 4769 σῦν
1637 4711 1790 4785 τιθεμένων
1801 4709 1903 4787 ταύτῃ,

264 4797 349 4855 ctiam
379 4812 396 4865 δ
425 4812 624 4865 remunerante
648 4803 710 4885 lieo
737 4806 827 4865 tulere
854 4808 1011 4866 mercedem
1030 4816 1061 4866 ut
1109 4809 1135 4863 τί
1151 4808 1246 4878 ὥσπερ
1272 4809 1338 4878 μιᾶς
1360 4807 1518 4875 πεφυκότας
1543 4804 1623 4879 ῥίζης
1648 4806 1699 4871 καί
1719 4803 1774 4868 τῶν
1799 4802 1903 4869 ὠδίνων

265 4887 364 4945 iterent
395 4898 528 4964 parentes
552 4892 602 4955 diii
626 4896 751 4955 mortalis
771 4906 881 4955 nature
898 4899 1011 4963 modom
1027 4914 1060 4956 ac
1110 4895 1345 4971 κληρονομοῦντας
1368 4893 1463 4968 ἐώρων
1491 4893 1542 4969 it).
1569 4891 1628 4949 Νῦν
1656 4893 1686 4948 ⁶1
1707 4891 1779 4961 eiii.
1800 4891 1904 4964 putus

265 4986 378 5050 coptum
392 4982 495 5040 rtrum
519 4991 549 5041 et
575 4984 792 5047 admirabilitate
811 4992 982 5062 superaturi.
1003 4993 1059 5048 ulit
1109 4989 1210 5054 δνίτως
1227 4986 1368 5060 [pemati
1384 4986 1449 5051 τοὺς
1462 4985 1611 5051 maeoseu<
1632 4984 1752 5057 ὁρῶμεν,
1767 4983 1816 5039 aut
1830 4999 1904 5055 σνντ

265 5071 377 5143 quidem
389 5072 418 5135 in
431 5087 531 5146 magna
546 5074 687 5139 latinitatis
707 5090 786 5152 parte
808 5061 954 5140 numerare
969 5084 1060 5140 solent
1074 5124 1097 5180 D
1110 5076 1247 5149 θαίνειτῷ
1261 5077 1311 5148 μίν
1333 5094 1362 5130 τι
1380 5075 1510 5144 παρεῖναι
1523 5074 1579 5130 τῶν
1598 5073 1729 5147 χρηστῶν
1748 5071 1789 5145 τῷ
1802 5071 1831 5126 di
1846 5071 1904 5126 τῶν

264 5161 378 5218 crebros
393 5171 500 5234 partus,
515 5180 718 5239 numerosaque
731 5170 850 5242 prindere
860 5171 966 5235 sobole.
979 5174 1056 5230 retus
1110 5169 1238 5241 φαύλων·
1255 5168 1326 5224 ὥστε
1339 5168 1371 5224 ού
1387 5167 1488 5241 μᾶλλον
1502 5167 1550 5223 trrt
1561 5168 1618 5231 τοῖς
1632 5164 1769 5237 παροῦσιν
1787 5162 1905 5233 δχαδοδς

264 5252 300 5309 id
316 5252 375 5323 ¹¹²⁰.
389 5270 501 5326 quoque
513 5256 587 5327 bana
601 5274 664 5318 sese
676 5262 843 5321 estendentc
855 5265 983 5333 auaritia,
993 5266 1055 5321 nui·
1107 5261 1147 5334 τῷ
1163 5261 1239 5328 παιδί
1262 5262 1401 5339 χαιρήσει,
1429 5260 1517 5333 biart
1543 5260 1600 5322 τοῖς
1623 5258 1743 5330 χείροσιν
1767 5257 1783 5311 d
1804 5253 1903 5327 γονεύς

265 5345 376 5418 lituique
394 5361 430 5409 ne
452 5348 621 5420 liupuldum
642 5353 787 5425 cupiditati
802 5354 884 5413 duem
902 5364 1053 5414 statuente.
1107 5355 1259 5410 ἀνιάσεται.
1274 5355 1446 5425 καὶγίνεται
1473 5353 1666 5425 παραπλήσιον
1692 5344 1751 5406 otoo
1765 5346 1900 5423 ιῐτιςτῇ

265 5433 388 5503 Quarum
402 5437 431 5493 iu
446 5442 611 5497 sententiaro
626 5442 695 5501 irem
707 5459 757 5519 epo
770 5461 881 5519 quoque
894 5446 1011 5518 pedibus
1029 5445 1055 5503 si
1110 5447 1161 5518 μδν
1188 5448 1282 5519 osipus
1311 5449 1395 5523 χειρὶ,
1423 5449 1457 5521 τῇ
1474 5446 1503 5502 et
1518 5446 1642 5519 ῥαπίζοι,
1665 5443 1695 5498 iu
1710 5443 1752 5516 τῷ
1769 5442 1903 5498 λυποῦντι

1020 5559 1141 5619 ΝΟΤᾸύ.

298 5650 338 5723 (ί)
354 5652 506 5725 Perplexns
526 5652 606 5710 locus
620 5661 648 5709 et
659 5653 732 5710 baud
747 5653 806 5710 scio
822 5669 857 5710 an
870 5670 927 5713 non
940 5656 1057 5714 mendo·
1111 5664 1154 5715 est
1173 5655 1256 5720 burins
1272 5654 1359 5711 nostri
1374 5663 1402 5710 et
1425 5650 1538 5709 Gracia
1560 5650 1723 5707 citeriorum
1744 5659 1901 5720 temporum

266 5737 325 5778 sus.
340 5720 414 5781 inter
433 5723 597 5780 relationem
609 5724 781 5795 expediriut
836 5725 1055 5783 tui.Snccurre·
1107 5718 1904 5798 proprindratnctofflvucpnrentesdicidtnortsatiaruu-

267 5793 313 5849 bat
327 5791 399 5851 torte
413 5739 560 5867 Γογυυιίιιυι
575 5794 677 5867 δροίων
691 5810 743 5869 pro
758 5740 874 5853 seffor.
890 5795 950 5855 tiist
962 5797 1054 5858 serius
1107 5797 1206 5867 nitcste
1221 5804 1333 5868 apparet
1348 5810 1381 5852 ex
1395 5810 1457 5867 pop.
1474 5794 1510 5849 tt
1520 5791 1665 5875 superiori.
1682 5791 1753 5865 (Coi.
1765 5776 1823 5848 ion
1832 5789 1879 5863 u.)
